%PHENIX References for Introduction

@article{ATLAS:2014cpa,
      author         = "ATLAS Collaboration",
      title          = "{Centrality and rapidity dependence of inclusive jet
                        production in $\sqrt{s_\mathrm{NN}} = 5.02$ TeV
                        proton-lead collisions with the ATLAS detector}",
      collaboration  = "ATLAS",
      journal        = "Phys. Lett.",
      volume         = "B748",
      year           = "2015",
      pages          = "392-413",
      doi            = "10.1016/j.physletb.2015.07.023",
      eprint         = "1412.4092",
      archivePrefix  = "arXiv",
      primaryClass   = "hep-ex",
      reportNumber   = "CERN-PH-EP-2014-275",
      SLACcitation   = "%%CITATION = ARXIV:1412.4092;%%"
}

@article{Arratia:2019vju,
    author = "Arratia, Miguel and Song, Youqi and Ringer, Felix and Jacak, Barbara",
    archivePrefix = "arXiv",
    eprint = "1912.05931",
    month = "12",
    primaryClass = "nucl-ex",
    title = "{Jets as Precision Probes in Electron-Nucleus Collisions at the Electron-Ion Collider}",
    year = "2019"
}

@article{Xing:2012ii,
    author = "Xing, Hongxi and Kang, Zhong-Bo and Vitev, Ivan and Wang, Enke",
    archivePrefix = "arXiv",
    doi = "10.1103/PhysRevD.86.094010",
    eprint = "1206.1826",
    journal = "Phys. Rev. D",
    pages = "094010",
    primaryClass = "hep-ph",
    title = "{Transverse momentum imbalance of back-to-back particle production in p+A and e+A collisions}",
    volume = "86",
    year = "2012"
}
@article{Adare:2011sc,
    author = "Adare, A. and others",
    archivePrefix = "arXiv",
    collaboration = "PHENIX",
    doi = "10.1103/PhysRevLett.107.172301",
    eprint = "1105.5112",
    journal = "Phys. Rev. Lett.",
    pages = "172301",
    primaryClass = "nucl-ex",
    title = "{Suppression of back-to-back hadron pairs at forward rapidity in $d+$Au Collisions at $\sqrt{s_{NN}}=200$ GeV}",
    volume = "107",
    year = "2011"
}


@article{Acharya:2019jkx,
      author         = "Acharya, Shreyasi and others",
      title          = "{Measurement of the inclusive isolated photon production
                        cross section in pp collisions at $\sqrt{s}$ = 7 TeV}",
      collaboration  = "ALICE",
      journal        = "Eur. Phys. J.",
      volume         = "C79",
      year           = "2019",
      number         = "11",
      pages          = "896",
      doi            = "10.1140/epjc/s10052-019-7389-9",
      eprint         = "1906.01371",
      archivePrefix  = "arXiv",
      primaryClass   = "nucl-ex",
      reportNumber   = "CERN-EP-2019-117",
      SLACcitation   = "%%CITATION = ARXIV:1906.01371;%%"
}

@article{Adare:2010yw,
      author         = "Adare, A. and others",
      title          = "{High $p_T$ direct photon and $\pi^0$ triggered azimuthal
                        jet correlations and measurement of $k_T$ for isolated
                        direct photons in $p+p$ collisions at $sqrt{s}=200$ GeV}",
      collaboration  = "PHENIX",
      journal        = "Phys. Rev.",
      volume         = "D82",
      year           = "2010",
      pages          = "072001",
      doi            = "10.1103/PhysRevD.82.072001",
      eprint         = "1006.1347",
      archivePrefix  = "arXiv",
      primaryClass   = "hep-ex",
      SLACcitation   = "%%CITATION = ARXIV:1006.1347;%%"
}
@article{Adare:2009vd,
      author         = "PHENIX Collaboration",
      title          = "{Photon-Hadron Jet Correlations in p+p and Au+Au
                        Collisions at $\sqrt{s}=$ 200 GeV}",
      collaboration  = "PHENIX",
      journal        = "Phys. Rev.",
      volume         = "C80",
      year           = "2009",
      pages          = "024908",
      doi            = "10.1103/PhysRevC.80.024908",
      eprint         = "0903.3399",
      archivePrefix  = "arXiv",
      primaryClass   = "nucl-ex",
      SLACcitation   = "%%CITATION = ARXIV:0903.3399;%%"
}


@article{STAR:2016jdz,
      author         = "STAR Collaboration",
      title          = "{Jet-like Correlations with Direct-Photon and
                        Neutral-Pion Triggers at $\sqrt{s_{_{NN}}} = 200$ GeV}",
      collaboration  = "STAR",
      journal        = "Phys. Lett.",
      volume         = "B760",
      year           = "2016",
      pages          = "689-696",
      doi            = "10.1016/j.physletb.2016.07.046",
      eprint         = "1604.01117",
      archivePrefix  = "arXiv",
      primaryClass   = "nucl-ex",
      SLACcitation   = "%%CITATION = ARXIV:1604.01117;%%"
}


@article{Accardi:2009qv,
      author         = "Accardi, A. and Arleo, F. and Brooks, W. K. and
                        d'Enterria, David and Muccifora, V.",
      title          = "{Parton Propagation and Fragmentation in QCD Matter}",
      journal        = "Riv. Nuovo Cim.",
      volume         = "32",
      year           = "2010",
      pages          = "439-553",
      doi            = "10.1393/ncr/i2009-10048-0",
      eprint		 = "0907.3534",
      archivePrefix	 = "arXiv",
      primaryClass	 = "nucl-th"
      reportNumber   = "JLAB-THY-09-1038",
      SLACcitation   = "%%CITATION = ARXIV:0907.3534;%%"
}

@article{PhysRevC.82.034909,
author = {STAR Collaboration},
  title = {Parton energy loss in heavy-ion collisions via direct-photon and charged-particle azimuthal correlations},
  collaboration = {STAR Collaboration},
  journal = {Phys. Rev. C},
  volume = {82},
  issue = {3},
  pages = {034909},
  numpages = {8},
  year = {2010},
  month = {Sep},
  publisher = {American Physical Society},
  doi = {10.1103/PhysRevC.82.034909},
  url = {https://link.aps.org/doi/10.1103/PhysRevC.82.034909}
}

@article{Adler:2006sc,
      author         = "Adler, S. S. and others",
      title          = "{Jet properties from dihadron correlations in $p^+ p$
                        collisions at $\sqrt{s}$ = 200-GeV}",
      collaboration  = "PHENIX",
      journal        = "Phys. Rev.",
      volume         = "D74",
      year           = "2006",
      pages          = "072002",
      doi            = "10.1103/PhysRevD.74.072002",
      eprint         = "hep-ex/0605039",
      archivePrefix  = "arXiv",
      primaryClass   = "hep-ex",
      SLACcitation   = "%%CITATION = HEP-EX/0605039;%%"
}

%End PHENIX/STAR Introduction References

@article{Arleo:2004gn,
      author         = "Arleo, F. and others",
      title          = "{Hard probes in heavy-ion collisions at the LHC: Photon
                        physics in heavy ion collisions at the LHC}",
      year           = "2004",
      eprint         = "hep-ph/0311131",
      archivePrefix  = "arXiv",
      journal        = "arXiv:hep-ph/0311131",
      primaryClass   = "hep-ph",
      reportNumber   = "CERN-2004-009-D",
      SLACcitation   = "%%CITATION = HEP-PH/0311131;%%"
}

@article{deFlorian:2011fp,
      author         = "de Florian, Daniel and Sassot, Rodolfo and Zurita, Pia
                        and Stratmann, Marco",
      title          = "{Global Analysis of Nuclear Parton Distributions}",
      journal        = "Phys. Rev.",
      volume         = "D85",
      year           = "2012",
      pages          = "074028",
      doi            = "10.1103/PhysRevD.85.074028",
      eprint         = "1112.6324",
      archivePrefix  = "arXiv",
      primaryClass   = "hep-ph",
      SLACcitation   = "%%CITATION = ARXIV:1112.6324;%%"
}

@article{Contin_2012,
	doi = {10.1088/1748-0221/7/06/c06007},
	url = {https://doi.org/10.1088%2F1748-0221%2F7%2F06%2Fc06007},
	year = 2012,
	month = {jun},
	publisher = {{IOP} Publishing},
	volume = {7},
	number = {06},
	pages = {C06007--C06007},
	author = {G Contin},
	title = {Performance of the present {ALICE} Inner Tracking System and studies for the upgrade},
	journal = {JINST},
} 

@article{Luo:2018pto,
      author         = "Luo, Tan and Cao, Shanshan and He, Yayun and Wang,
                        Xin-Nian",
      title          = "{Multiple jets and $\gamma$-jet correlation in
                        high-energy heavy-ion collisions}",
      journal        = "Phys. Lett.",
      volume         = "B782",
      year           = "2018",
      pages          = "707-716",
      doi            = "10.1016/j.physletb.2018.06.025",
      eprint         = "1803.06785",
      archivePrefix  = "arXiv",
      primaryClass   = "hep-ph",
      SLACcitation   = "%%CITATION = ARXIV:1803.06785;%%"
}

@inproceedings{Malaescu:2011yg,
      author         = "Malaescu, Bogdan",
      title          = "{An Iterative, Dynamically Stabilized(IDS) Method of Data
                        Unfolding}",
      booktitle      = "{Proceedings, PHYSTAT 2011 Workshop on Statistical Issues
                        Related to Discovery Claims in Search Experiments and
                        Unfolding, CERN,Geneva, Switzerland 17-20 January 2011}",
      year           = "2011",
      pages          = "271-275",
      doi            = "10.5170/CERN-2011-006.271",
      eprint         = "1106.3107",
      archivePrefix  = "arXiv",
      primaryClass   = "physics.data-an",
      reportNumber   = "CERN-PH-EP-2011-111",
      SLACcitation   = "%%CITATION = ARXIV:1106.3107;%%"
}

@article{Hocker:1995kb,
      author         = "Hocker, Andreas and Kartvelishvili, Vakhtang",
      title          = "{SVD approach to data unfolding}",
      journal        = "Nucl. Instrum. Meth.",
      volume         = "A372",
      year           = "1996",
      pages          = "469-481",
      doi            = "10.1016/0168-9002(95)01478-0",
      eprint         = "hep-ph/9509307",
      archivePrefix  = "arXiv",
      primaryClass   = "hep-ph",
      reportNumber   = "M-C-TH-95-15, LAL-95-55",
      SLACcitation   = "%%CITATION = HEP-PH/9509307;%%"
}

@article{JETPHOX,
      author         = "Aurenche, Patrick and Fontannaz, Michel and Guillet,
                        Jean-Philippe and Pilon, Eric and Werlen, Monique",
      title          = "{A New critical study of photon production in hadronic
                        collisions}",
      journal        = "Phys. Rev.",
      volume         = "D73",
      year           = "2006",
      pages          = "094007",
      doi            = "10.1103/PhysRevD.73.094007",
      eprint         = "hep-ph/0602133",
      archivePrefix  = "arXiv",
      primaryClass   = "hep-ph",
      reportNumber   = "LAPTH-1140-06, LPT-ORSAY-05-75",
      SLACcitation   = "%%CITATION = HEP-PH/0602133;%%"
}

@article{Voronoi1908,
author = "Vorono{\"{i}}, Georges",
title = "Nouvelles applications des param{\`{e}}tres continus {\`{a}}
                  la th{\'{e}}orie des formes quadratiques. {Premier}
                  m{\'{e}}moire. {Sur} quelques propri{\'{e}}t{\'{e}}s
                  des formes quadratiques positives parfaites",
journal = "J. Reine Angew. Math.",
year = "1907",
month = dec,
day = "28",
volume = "133",
number = "2",
pages = "97--178",
doi = "10.1515/crll.1908.133.97",
}


@report{CMS-DP-2013-018,
author = "CMS Collaboration",
      title         = "{Underlying-Event Subtraction for Particle Flow}",
      collaboration = "CMS Collaboration",
      month         = "Jun",
      year          = "2013",
      reportNumber  = "CMS-DP-2013-018",
      url           = "https://cds.cern.ch/record/1558644",
}

@article{Cacciari:2008gp,
      author         = "Cacciari, Matteo and Salam, Gavin P. and Soyez, Gregory",
      title          = "{The Anti-k(t) jet clustering algorithm}",
      journal        = "JHEP",
      volume         = "04",
      year           = "2008",
      pages          = "063",
      doi            = "10.1088/1126-6708/2008/04/063",
      eprint         = "0802.1189",
      archivePrefix  = "arXiv",
      primaryClass   = "hep-ph",
      reportNumber   = "LPTHE-07-03",
      SLACcitation   = "%%CITATION = ARXIV:0802.1189;%%"
}

@article{JECNOTE,
      author         = "Yue Shi Lai",
      title          = "{
Correction and \emph{in situ} calibration of the TPC jet energy
  scale in $\boldsymbol{\sqrt{s} = 13}\:\mathbf{TeV}$ pp, and the ITS
  jet energy scale in $\boldsymbol{\sqrt{s_\mathrm{NN}} =
    5.02}\:\mathbf{TeV}$ pp and pPb collisions
}",
      collaboration  = "ALICE",
      year           = "2018",

}

@article{CrossTalk,
      author         = "Gustavo Conesa Balbastre",
      title          = "{
Study and emulation of cell energy cross-talk in EMCal
}",
      collaboration  = "ALICE",
      year           = "
ANA-837, 2018",

}

@article{Acharya:2018eat,
      author         = "Acharya, Shreyasi and others",
      title          = "{Charged jet cross section and fragmentation in
                        proton-proton collisions at $\sqrt{s}$ = 7 TeV}",
      collaboration  = "ALICE",
      year           = "2018",
      eprint         = "1809.03232",
      archivePrefix  = "arXiv",
      primaryClass   = "nucl-ex",
      reportNumber   = "CERN-EP-2018-235",
      SLACcitation   = "%%CITATION = ARXIV:1809.03232;%%"
}

@article{Cacciari:2011ma,
      author         = "Cacciari, Matteo and Salam, Gavin P. and Soyez, Gregory",
      title          = "{FastJet User Manual}",
      journal        = "Eur. Phys. J.",
      volume         = "C72",
      year           = "2012",
      pages          = "1896",
      doi            = "10.1140/epjc/s10052-012-1896-2",
      eprint         = "1111.6097",
      archivePrefix  = "arXiv",
      primaryClass   = "hep-ph",
      reportNumber   = "CERN-PH-TH-2011-297",
      SLACcitation   = "%%CITATION = ARXIV:1111.6097;%%"
}

@article{Acharya:2017tlv,
      author         = "ALICE Collaboration",
      title          = "{$\pi ^{0}$ and $\eta $ meson production in proton-proton
                        collisions at $\sqrt{s}=8$ TeV}",
      journal        = "Eur. Phys. J.",
      volume         = "C78",
      year           = "2018",
      number         = "3",
      pages          = "263",
      doi            = "10.1140/epjc/s10052-018-5612-8",
      eprint         = "1708.08745",
      archivePrefix  = "arXiv",
      primaryClass   = "hep-ex",
      reportNumber   = "CERN-EP-2017-216",
      SLACcitation   = "%%CITATION = ARXIV:1708.08745;%%"
}

@article{Acharya_2017,
   title={Production of  $\pi^0$ and $\eta $ mesons up to high transverse momentum in pp collisions at 2.76 TeV},
   volume={77},
   ISSN={1434-6052},
   url={http://dx.doi.org/10.1140/epjc/s10052-017-4890-x},
   DOI={10.1140/epjc/s10052-017-4890-x},
   number={5},
   journal={Eur. Phys. J C},
   publisher={Springer Science and Business Media LLC},
   author="Acharya, S. and others",
   collaboration="ALICE",
   year={2017},
   month={May}
}

@article{Acharya:2018qsh,
      author         = "Acharya, S. and others",
      title          = "{Transverse momentum spectra and nuclear modification
                        factors of charged particles in pp, p-Pb and Pb-Pb
                        collisions at the LHC}",
      collaboration  = "ALICE",
      journal        = "JHEP",
      volume         = "11",
      year           = "2018",
      pages          = "013",
      doi            = "10.1007/JHEP11(2018)013",
      eprint         = "1802.09145",
      archivePrefix  = "arXiv",
      primaryClass   = "nucl-ex",
      reportNumber   = "CERN-EP-2018-025",
      SLACcitation   = "%%CITATION = ARXIV:1802.09145;%%"
}

@article{Erwann,
      author         = "Erwann Masson",
      title          = "{
Measurement of isolated photons in p–Pb collisions
at 5.02 TeV with the EMCal detector in ALICE. https://alice-notes.web.cern.ch/system/files/notes/analysis/741/.
}",
      collaboration  = "ALICE",
      year           = "
ALICE-ANA-2018-4677",

}

@article{ExoticClusters,
 author = "Gustavo Conesa Balbastre",
 title = "{Rejection of exotic clusters in EMCal}",
       collaboration  = "ALICE",
      year           = "
ALICE-ANA-376",
}






@article{Khachatryan:2015xaa,
      author         = "CMS Collaboration",
      title          = "{Nuclear Effects on the Transverse Momentum Spectra of
                        Charged Particles in pPb Collisions at $\sqrt{s_{_\mathrm
                        {NN}}} =5.02$ TeV}",
      collaboration  = "CMS",
      journal        = "Eur. Phys. J.",
      volume         = "C75",
      year           = "2015",
      number         = "5",
      pages          = "237",
      doi            = "10.1140/epjc/s10052-015-3435-4",
      eprint         = "1502.05387",
      archivePrefix  = "arXiv",
      primaryClass   = "nucl-ex",
      reportNumber   = "CMS-HIN-12-017, CERN-PH-EP-2014-282",
      SLACcitation   = "%%CITATION = ARXIV:1502.05387;%%"
}

@article{Sirunyan:2018qel,
      author         = "CMS Collaboration",
      title          = "{Constraining gluon distributions in nuclei using dijets
                        in proton-proton and proton-lead collisions at
                        $\sqrt{s_{_\mathrm{NN}}} =$ 5.02 TeV}",
      collaboration  = "CMS",
      doi            = "10.3204/PUBDB-2018-02203",
      year           = "2018",
      eprint         = "1805.04736",
      archivePrefix  = "arXiv",
      primaryClass   = "hep-ex",
      reportNumber   = "CMS-HIN-16-003, CERN-EP-2018-091",
      SLACcitation   = "%%CITATION = ARXIV:1805.04736;%%"
}

@article{Nagle:2018nvi,
      author         = "Nagle, James L. and Zajc, William A.",
      title          = "{Small System Collectivity in Relativistic Hadronic and
                        Nuclear Collisions}",
      journal        = "Ann. Rev. Nucl. Part. Sci.",
      volume         = "68",
      year           = "2018",
      pages          = "211-235",
      doi            = "10.1146/annurev-nucl-101916-123209",
      eprint         = "1801.03477",
      archivePrefix  = "arXiv",
      primaryClass   = "nucl-ex",
      SLACcitation   = "%%CITATION = ARXIV:1801.03477;%%"
}

@article{Aidala:2018eqn,
      author         = "Aidala, C. and others",
      title          = "{Nonperturbative transverse momentum broadening in
                        dihadron angular correlations in $\sqrt{s_{NN}}=200$ GeV
                        proton-nucleus collisions}",
      collaboration  = "PHENIX",
      journal        = "Phys. Rev.",
      volume         = "C99",
      year           = "2019",
      number         = "4",
      pages          = "044912",
      doi            = "10.1103/PhysRevC.99.044912",
      eprint         = "1809.09045",
      archivePrefix  = "arXiv",
      primaryClass   = "hep-ex",
      SLACcitation   = "%%CITATION = ARXIV:1809.09045;%%"
}

@article{Burkert:2018nvj,
      author         = "Burkert, Volker D.",
      title          = "{Jefferson Lab at 12 GeV: The Science Program}",
      journal        = "Ann. Rev. Nucl. Part. Sci.",
      volume         = "68",
      year           = "2018",
      pages          = "405-428",
      doi            = "10.1146/annurev-nucl-101917-021129",
      SLACcitation   = "%%CITATION = ARNUA,68,405;%%"
}

@article{Adam:2015xea,
      author         = "Adam, Jaroslav and others",
      title          = "{Measurement of dijet $k_T$ in p–Pb collisions at
                        $\sqrt{s}_{NN}$=5.02 TeV}",
      collaboration  = "ALICE",
      journal        = "Phys. Lett.",
      volume         = "B746",
      year           = "2015",
      pages          = "385-395",
      doi            = "10.1016/j.physletb.2015.05.033",
      eprint         = "1503.03050",
      archivePrefix  = "arXiv",
      primaryClass   = "nucl-ex",
      reportNumber   = "CERN-PH-EP-2015-041",
      SLACcitation   = "%%CITATION = ARXIV:1503.03050;%%"
}

@article{Acharya:2017okq,
      author         = "{ALICE Collaboration}",
      title          = "{Constraints on jet quenching in \pPb collisions at
                        $\mathbf{\sqrt{s_{NN}}}$ = 5.02 TeV measured by the
                        event-activity dependence of semi-inclusive hadron-jet
                        distributions}",
      collaboration  = "ALICE",
      journal        = "Phys. Lett.",
      volume         = "B783",
      year           = "2018",
      pages          = "95-113",
      doi            = "10.1016/j.physletb.2018.05.059",
      eprint         = "1712.05603",
      archivePrefix  = "arXiv",
      primaryClass   = "nucl-ex",
      reportNumber   = "CERN-EP-2017-324",
      SLACcitation   = "%%CITATION = ARXIV:1712.05603;%%"
}

@article{Aaboud:2019oop,
      author         = "{ATLAS Collaboration}",
      title          = "{Dijet azimuthal correlations and conditional yields in
                        $pp$ and $p$+Pb collisions at $\sqrt{s_{\rm NN}}$ = 5.02
                        TeV with the ATLAS detector}",
      collaboration  = "ATLAS",
      year           = "2019",
      eprint         = "1901.10440",
      archivePrefix  = "arXiv",
      primaryClass   = "nucl-ex",
      reportNumber   = "CERN-EP-2018-324",
      SLACcitation   = "%%CITATION = ARXIV:1901.10440;%%"
}



@article{Sjostrand:2007gs,
      author         = "Sjostrand, Torbjorn and Mrenna, Stephen and Skands, Peter
                        Z.",
      title          = "{A Brief Introduction to PYTHIA 8.1}",
      journal        = "Comput. Phys. Commun.",
      volume         = "178",
      year           = "2008",
      pages          = "852-867",
      doi            = "10.1016/j.cpc.2008.01.036",
      eprint         = "0710.3820",
      archivePrefix  = "arXiv",
      primaryClass   = "hep-ph",
      reportNumber   = "CERN-LCGAPP-2007-04, LU-TP-07-28,
                        FERMILAB-PUB-07-512-CD-T",
      SLACcitation   = "%%CITATION = ARXIV:0710.3820;%%"
}

@article{Aamodt:2011zj,
      author         = "Aamodt, K. and others",
      title          = "{Production of pions, kaons and protons in $pp$
                        collisions at $\sqrt{s}= 900$ GeV with ALICE at the LHC}",
      collaboration  = "ALICE",
      journal        = "Eur. Phys. J.",
      volume         = "C71",
      year           = "2011",
      pages          = "1655",
      doi            = "10.1140/epjc/s10052-011-1655-9",
      eprint         = "1101.4110",
      archivePrefix  = "arXiv",
      primaryClass   = "hep-ex",
      reportNumber   = "CERN-PH-EP-2010-085",
      SLACcitation   = "%%CITATION = ARXIV:1101.4110;%%"
}

@article{Adam:2016khe,
      author         = "Adam, Jaroslav and others",
      title          = "{Measurement of the production of high-$p_{\rm T}$
                        electrons from heavy-flavour hadron decays in Pb-Pb
                        collisions at $\mathbf{\sqrt{\it s_{\rm{NN}}}}$ = 2.76
                        TeV}",
      collaboration  = "ALICE",
      journal        = "Phys. Lett.",
      volume         = "B771",
      year           = "2017",
      pages          = "467-481",
      doi            = "10.1016/j.physletb.2017.05.060",
      eprint         = "1609.07104",
      archivePrefix  = "arXiv",
      primaryClass   = "nucl-ex",
      reportNumber   = "CERN-EP-2016-235",
      SLACcitation   = "%%CITATION = ARXIV:1609.07104;%%"
}



@article{Allen:2009aa,
      author         = "Allen, J. and others",
      title          = "{Performance of prototypes for the ALICE electromagnetic
                        calorimeter}",
      collaboration  = "ALICE EMCal",
      journal        = "Nucl. Instrum. Meth.",
      volume         = "A615",
      year           = "2010",
      pages          = "6-13",
      doi            = "10.1016/j.nima.2009.12.061",
      eprint         = "0912.2005",
      archivePrefix  = "arXiv",
      primaryClass   = "physics.ins-det",
      SLACcitation   = "%%CITATION = ARXIV:0912.2005;%%"
}


@article{ALICE-PUBLIC-2017-005,
      title         = "{The ALICE definition of primary particles}",
      collaboration = "ALICE",
      month         = "Jun",
      year          = "2017",
      reportNumber  = "ALICE-PUBLIC-2017-005",
      url           = "https://cds.cern.ch/record/2270008",
      eprint = "(ALICE-PUBLIC-2017-005)"
}


@inproceedings{Roesler:2000he,
      author         = "Roesler, Stefan and Engel, Ralph and Ranft, Johannes",
      title          = "{The Monte Carlo event generator DPMJET-III}",
      booktitle      = "{Advanced Monte Carlo for radiation physics, particle
                        transport simulation and applications. Proceedings,
                        Conference, MC2000, Lisbon, Portugal, October 23-26,
                        2000}",
      url            = "http://www-public.slac.stanford.edu/sciDoc/docMeta.aspx?slacPubNumber=SLAC-PUB-8740",
      year           = "2000",
      pages          = "1033-1038",
      doi            = "10.1007/978-3-642-18211-2_166",
      eprint         = "hep-ph/0012252",
      archivePrefix  = "arXiv",
      primaryClass   = "hep-ph",
      reportNumber   = "SLAC-PUB-8740",
      SLACcitation   = "%%CITATION = HEP-PH/0012252;%%"
}

@article{Accardi:2012qut,
      author         = "Accardi, A. and others",
      editor         = "Deshpande, A. and Meziani, Z. E. and Qiu, J. W.",
      title          = "{Electron Ion Collider: The Next QCD Frontier}",
      journal        = "Eur. Phys. J.",
      volume         = "A52",
      year           = "2016",
      number         = "9",
      pages          = "268",
      doi            = "10.1140/epja/i2016-16268-9",
      eprint         = "1212.1701",
      archivePrefix  = "arXiv",
      primaryClass   = "nucl-ex",
      reportNumber   = "BNL-98815-2012-JA, JLAB-PHY-12-1652",
      SLACcitation   = "%%CITATION = ARXIV:1212.1701;%%"
}

@article{ALICE:2011ac,
      author         = "ALICE Collaboration",
      title          = "{Underlying Event measurements in $pp$ collisions at
                        $\sqrt{s}=0.9$ and 7 TeV with the ALICE experiment at the
                        LHC}",
      collaboration  = "ALICE",
      journal        = "JHEP",
      volume         = "07",
      year           = "2012",
      pages          = "116",
      doi            = "10.1007/JHEP07(2012)116",
      eprint         = "1112.2082",
      archivePrefix  = "arXiv",
      primaryClass   = "hep-ex",
      reportNumber   = "CERN-PH-EP-2011-204",
      SLACcitation   = "%%CITATION = ARXIV:1112.2082;%%"
}


@article{Acharya:2018dqe,
      author         = "Acharya, Shreyasi and others",
      title          = "{Direct photon production at low transverse momentum in
                        proton-proton collisions at $\mathbf{\sqrt{s}=2.76}$ and 8
                        TeV}",
      collaboration  = "ALICE",
      journal        = "Phys. Rev.",
      volume         = "C99",
      year           = "2019",
      number         = "2",
      pages          = "024912",
      doi            = "10.1103/PhysRevC.99.024912",
      eprint         = "1803.09857",
      archivePrefix  = "arXiv",
      primaryClass   = "nucl-ex",
      reportNumber   = "CERN-EP-2018-045",
      SLACcitation   = "%%CITATION = ARXIV:1803.09857;%%"
}

@article{Sirunyan:2018gro,
      author         = "CMS Collaboration",
      title          = "{Measurement of differential cross sections for inclusive
                        isolated-photon and photon+jets production in
                        proton-proton collisions at $\sqrt{s} =$ 13 TeV}",
      collaboration  = "CMS",
      year           = "arXiv:1807.00782, 2018",
      eprint         = "1807.00782",
      archivePrefix  = "arXiv",
      primaryClass   = "hep-ex",
      SLACcitation   = "%%CITATION = ARXIV:1807.00782;%%"
}

@inproceedings{Adye:2011gm,
      author         = "Adye, Tim",
      title          = "{Unfolding algorithms and tests using RooUnfold}",
      booktitle      = "{Proceedings, PHYSTAT 2011 Workshop on Statistical Issues
                        Related to Discovery Claims in Search Experiments and
                        Unfolding, CERN,Geneva, Switzerland 17-20 January 2011}",
      organization   = "CERN",
      publisher      = "CERN",
      address        = "Geneva",
      year           = "2011",
      url            = "https://inspirehep.net/record/898599/files/arXiv:1105.1160.pdf",
      pages          = "313-318",
      doi            = "10.5170/CERN-2011-006.313",
      eprint         = "1105.1160",
      archivePrefix  = "arXiv",
      primaryClass   = "physics.data-an",
      SLACcitation   = "%%CITATION = ARXIV:1105.1160;%%"
}

@article{DAgostini:1994fjx,
      author         = "D'Agostini, G.",
      title          = "{A Multidimensional unfolding method based on Bayes'
                        theorem}",
      journal        = "Nucl. Instrum. Meth.",
      volume         = "A362",
      year           = "1995",
      pages          = "487-498",
      doi            = "10.1016/0168-9002(95)00274-X",
      reportNumber   = "DESY-94-099",
      SLACcitation   = "%%CITATION = NUIMA,A362,487;%%"
}

@article{Adloff:2000bs,
      author         = "Adloff, C. and others",
      title          = "{Measurement of dijet cross-sections in photoproduction
                        and photon structure}",
      collaboration  = "H1",
      journal        = "Phys. Lett.",
      volume         = "B483",
      year           = "2000",
      pages          = "36-48",
      doi            = "10.1016/S0370-2693(00)00576-1",
      eprint         = "hep-ex/0003011",
      archivePrefix  = "arXiv",
      primaryClass   = "hep-ex",
      reportNumber   = "DESY-00-035",
      SLACcitation   = "%%CITATION = HEP-EX/0003011;%%"
}


@article{Klasen:2017dsy,
      author         = "Klasen, Michael and Klein-Bösing, Christian and
                        Poppenborg, H.",
      title          = "{Prompt photon production and photon-jet correlations at
                        the LHC}",
      journal        = "JHEP",
      volume         = "03",
      year           = "2018",
      pages          = "081",
      doi            = "10.1007/JHEP03(2018)081",
      eprint         = "1709.04154",
      archivePrefix  = "arXiv",
      primaryClass   = "hep-ph",
      reportNumber   = "MS-TP-17-09",
      SLACcitation   = "%%CITATION = ARXIV:1709.04154;%%"
}

@article{Klasen:2002xb,
      author         = "Klasen, Michael",
      title          = "{Theory of hard photoproduction}",
      journal        = "Rev. Mod. Phys.",
      volume         = "74",
      year           = "2002",
      pages          = "1221-1282",
      doi            = "10.1103/RevModPhys.74.1221",
      eprint         = "hep-ph/0206169",
      archivePrefix  = "arXiv",
      primaryClass   = "hep-ph",
      reportNumber   = "DESY-02-086",
      SLACcitation   = "%%CITATION = HEP-PH/0206169;%%"
}

@article{Chatrchyan:2011id,
      author         = "Chatrchyan, Serguei and others",
      title          = "{Measurement of the Underlying Event Activity at the LHC
                        with $\sqrt{s}= 7$ TeV and Comparison with $\sqrt{s} =
                        0.9$ TeV}",
      collaboration  = "CMS",
      journal        = "JHEP",
      volume         = "09",
      year           = "2011",
      pages          = "109",
      doi            = "10.1007/JHEP09(2011)109",
      eprint         = "1107.0330",
      archivePrefix  = "arXiv",
      primaryClass   = "hep-ex",
      reportNumber   = "CERN-PH-EP-2011-059, CMS-QCD-10-010",
      SLACcitation   = "%%CITATION = ARXIV:1107.0330;%%"
}

@article{GALE1985223,
title = "Some remarks on the stable matching problem",
journal = "Discrete Applied Mathematics",
volume = "11",
number = "3",
pages = "223 - 232",
year = "1985",
issn = "0166-218X",
doi = "https://doi.org/10.1016/0166-218X(85)90074-5",
url = "http://www.sciencedirect.com/science/article/pii/0166218X85900745",
author = "David Gale and Marilda Sotomayor",
}

@article{Chatrchyan:2012tt,
      author         = "CMS Collaboration",
      title          = "{Measurement of the underlying event activity in $pp$
                        collisions at $\sqrt{s} = 0.9$ and 7 TeV with the novel
                        jet-area/median approach}",
      collaboration  = "CMS",
      journal        = "JHEP",
      volume         = "08",
      year           = "2012",
      pages          = "130",
      doi            = "10.1007/JHEP08(2012)130",
      eprint         = "1207.2392",
      archivePrefix  = "arXiv",
      primaryClass   = "hep-ex",
      reportNumber   = "CMS-QCD-10-021, CERN-PH-EP-2012-152",
      SLACcitation   = "%%CITATION = ARXIV:1207.2392;%%"
}

@article{Cacciari:2009dp,
      author         = "Cacciari, Matteo and Salam, Gavin P. and Sapeta,
                        Sebastian",
      title          = "{On the characterisation of the underlying event}",
      journal        = "JHEP",
      volume         = "04",
      year           = "2010",
      pages          = "065",
      doi            = "10.1007/JHEP04(2010)065",
      eprint         = "0912.4926",
      archivePrefix  = "arXiv",
      primaryClass   = "hep-ph",
      SLACcitation   = "%%CITATION = ARXIV:0912.4926;%%"
}

@inproceedings{Citron:2018lsq,
      author         = "Citron, Z. and others",
      title          = "{Future physics opportunities for high-density QCD at the
                        LHC with heavy-ion and proton beams}",
      booktitle      = "{HL/HE-LHC Workshop: Workshop on the Physics of HL-LHC,
                        and Perspectives at HE-LHC Geneva, Switzerland, June
                        18-20, 2018}",
      year           = "2018",
      eprint         = "1812.06772",
      archivePrefix  = "arXiv",
      primaryClass   = "hep-ph",
      reportNumber   = "CERN-LPCC-2018-07",
      SLACcitation   = "%%CITATION = ARXIV:1812.06772;%%"
}

@article{Connors:2017ptx,
      author         = "Connors, Megan and Nattrass, Christine and Reed, Rosi and
                        Salur, Sevil",
      title          = "{Jet measurements in heavy ion physics}",
      journal        = "Rev. Mod. Phys.",
      volume         = "90",
      year           = "2018",
      pages          = "025005",
      doi            = "10.1103/RevModPhys.90.025005",
      eprint         = "1705.01974",
      archivePrefix  = "arXiv",
      primaryClass   = "nucl-ex",
      SLACcitation   = "%%CITATION = ARXIV:1705.01974;%%"
}

@article{Salgado:2011wc,
      author         = "Salgado, C. A. and others",
      title          = "{Proton-Nucleus Collisions at the LHC: Scientific
                        Opportunities and Requirements}",
      journal        = "J. Phys.",
      volume         = "G39",
      year           = "2012",
      pages          = "015010",
      doi            = "10.1088/0954-3899/39/1/015010",
      eprint         = "1105.3919",
      archivePrefix  = "arXiv",
      primaryClass   = "hep-ph",
      reportNumber   = "CERN-PH-TH-2011-119, LHC-PROJECT-REPORT-1181,
                        FERMILAB-PUB-11-841-T",
      SLACcitation   = "%%CITATION = ARXIV:1105.3919;%%"
}

@article{Abeysekara:2010ze,
      author         = "Abeysekara, U. and others",
      title          = "{ALICE EMCal Physics Performance Report}",
      collaboration  = "ALICE EMCal",
      year           = "2010",
      eprint         = "1008.0413",
      archivePrefix  = "arXiv",
      primaryClass   = "physics.ins-det",
      SLACcitation   = "%%CITATION = ARXIV:1008.0413;%%"
}

@article{Abelev:2014ffa,
      author         = "Abelev, Bezverkhny and others",
      title          = "{Performance of the ALICE Experiment at the CERN LHC}",
      collaboration  = "ALICE",
      journal        = "Int. J. Mod. Phys.",
      volume         = "A29",
      year           = "2014",
      pages          = "1430044",
      doi            = "10.1142/S0217751X14300440",
      eprint         = "1402.4476",
      archivePrefix  = "arXiv",
      primaryClass   = "nucl-ex",
      reportNumber   = "CERN-PH-EP-2014-031",
      SLACcitation   = "%%CITATION = ARXIV:1402.4476;%%"
}
@article{Chatrchyan:2012gt,
      author         = "CMS Collaboration",
      title          = "{Studies of jet quenching using isolated-photon+jet
                        correlations in PbPb and $pp$ collisions at
                        $\sqrt{s_{NN}}=2.76$ TeV}",
      collaboration  = "CMS",
      journal        = "Phys. Lett.",
      volume         = "B718",
      year           = "2013",
      pages          = "773-794",
      doi            = "10.1016/j.physletb.2012.11.003",
      eprint         = "1205.0206",
      archivePrefix  = "arXiv",
      primaryClass   = "nucl-ex",
      reportNumber   = "CMS-HIN-11-010, CERN-PH-EP-2012-089",
      SLACcitation   = "%%CITATION = ARXIV:1205.0206;%%"
}

@article{LHCRAA,
      author         = "David d'Enterria",
      title          = "{Perturbative probes of QCD matter at the Large Hadron Collider }",
      journal        = "PoS QNP2012 (2012)",
      doi            = "PoS QNP2012 (2012)",
      eprint         = "arXiv:1207.4362 [nucl-ex]",
      archivePrefix  = "arXiv",
}

Perturbative probes of QCD matter at the Large Hadron Collider - d'Enterria, David PoS QNP2012 (2012) 018 arXiv:1207.4362 [nucl-ex]

@article{Hocker:1995kb,
      author         = "Hocker, Andreas and Kartvelishvili, Vakhtang",
      title          = "{SVD approach to data unfolding}",
      journal        = "Nucl. Instrum. Meth.",
      volume         = "A372",
      year           = "1996",
      pages          = "469-481",
      doi            = "10.1016/0168-9002(95)01478-0",
      eprint         = "hep-ph/9509307",
      archivePrefix  = "arXiv",
      primaryClass   = "hep-ph",
      reportNumber   = "M-C-TH-95-15, LAL-95-55",
      SLACcitation   = "%%CITATION = HEP-PH/9509307;%%"
}

@article{CMS-DP-2016-070,
      author       ="CMS Collaboration",
      title         = "{Performance of quark/gluon discrimination in 13 TeV
                       data}",
      collaboration = "CMS Collaboration",
      month         = "Nov",
      year          = "2016",
      reportNumber  = "CMS-DP-2016-070",
      url           = "https://cds.cern.ch/record/2234117",
}

@article{Larkoski:2014pca,
      author         = "Larkoski, Andrew J. and Thaler, Jesse and Waalewijn,
                        Wouter J.",
      title          = "{Gaining (Mutual) Information about Quark/Gluon
                        Discrimination}",
      journal        = "JHEP",
      volume         = "11",
      year           = "2014",
      pages          = "129",
      doi            = "10.1007/JHEP11(2014)129",
      eprint         = "1408.3122",
      archivePrefix  = "arXiv",
      primaryClass   = "hep-ph",
      reportNumber   = "MIT--CTP-4572, NIKHEF-2014-026",
      SLACcitation   = "%%CITATION = ARXIV:1408.3122;%%"
}

@article{Aad:2016oit,
      author         = "ATLAS Collaboration",
      title          = "{Measurement of the charged-particle multiplicity inside
                        jets from $\sqrt{s}=8$ TeV $pp$ collisions with the ATLAS
                        detector}",
      collaboration  = "ATLAS",
      journal        = "Eur. Phys. J.",
      volume         = "C76",
      year           = "2016",
      number         = "6",
      pages          = "322",
      doi            = "10.1140/epjc/s10052-016-4126-5",
      eprint         = "1602.00988",
      archivePrefix  = "arXiv",
      primaryClass   = "hep-ex",
      reportNumber   = "CERN-EP-2016-001",
      SLACcitation   = "%%CITATION = ARXIV:1602.00988;%%"
}

@article{adam2016jetlike,
 author = "J. Adam and others",
 title = "Jet-like correlations with neutral pion triggers in pp and central {Pb}-Pb collisions at 2",
 journal = "76 {TeV}, Phys. Rev. Lett. B",
 volume = "763",
 year = 2016
}

@article{Acharya:2018uvf,
      author         = "ALICE Collaboration",
      title          = "{Medium modification of the shape of small-radius jets in
                        central Pb-Pb collisions at $\sqrt{s_{\mathrm {NN}}} =
                        2.76\,\rm{TeV}$}",
      collaboration  = "ALICE",
      journal        = "Submitted to: JHEP",
      year           = "2018",
      eprint         = "1807.06854",
      archivePrefix  = "arXiv",
      primaryClass   = "nucl-ex",
      reportNumber   = "CERN-EP-2018-201",
      SLACcitation   = "%%CITATION = ARXIV:1807.06854;%%"
}

@article{James:1975dr,
      author         = "James, F. and Roos, M.",
      title          = "{Minuit: A System for Function Minimization and Analysis
                        of the Parameter Errors and Correlations}",
      journal        = "Comput. Phys. Commun.",
      volume         = "10",
      year           = "1975",
      pages          = "343-367",
      doi            = "10.1016/0010-4655(75)90039-9",
      reportNumber   = "CERN-DD-75-20",
      SLACcitation   = "%%CITATION = CPHCB,10,343;%%"
}


@article{Sirunyan:2017qhf,
      author         = "CMS Collaboration",
      title          = "{Study of jet quenching with isolated-photon+jet
                        correlations in PbPb and pp collisions at
                        $\sqrt{s_{_{\mathrm{NN}}}} =$ 5.02 TeV}",
      collaboration  = "CMS",
      year           = "2017",
      journal        = "arXiv:1711.09738",
      eprint         = "1711.09738",
      archivePrefix  = "arXiv",
      primaryClass   = "nucl-ex",
      reportNumber   = "CMS-HIN-16-002, CERN-EP-2017-285",
      SLACcitation   = "%%CITATION = ARXIV:1711.09738;%%"
}
@article{Eskola:2016oht,
      author         = "Eskola, Kari J. and Paakkinen, Petja and Paukkunen, Hannu
                        and Salgado, Carlos A.",
      title          = "{EPPS16: Nuclear parton distributions with LHC data}",
      journal        = "Eur. Phys. J.",
      volume         = "C77",
      year           = "2017",
      number         = "3",
      pages          = "163",
      doi            = "10.1140/epjc/s10052-017-4725-9",
      eprint         = "1612.05741",
      archivePrefix  = "arXiv",
      primaryClass   = "hep-ph",
      SLACcitation   = "%%CITATION = ARXIV:1612.05741;%%"
}



@article{Adam:2015hoa,
      author         = "ALICE Collaboration",
      title          = "{Measurement of charged jet production cross sections and
                        nuclear modification in \pPb collisions 5.02 TeV}",
      collaboration  = "ALICE",
      journal        = "Phys. Lett.",
      volume         = "B749",
      year           = "2015",
      pages          = "68-81",
      doi            = "10.1016/j.physletb.2015.07.054",
      eprint         = "1503.00681",
      archivePrefix  = "arXiv",
      primaryClass   = "nucl-ex",
      reportNumber   = "CERN-PH-EP-2015-040",
      SLACcitation   = "%%CITATION = ARXIV:1503.00681;%%"
}
@article{Allen:2010stl,
      author         = "Allen, J. and others",
      title          = "{ALICE DCal: An Addendum to the EMCal Technical Design
                        Report Di-Jet and Hadron-Jet correlation measurements in
                        ALICE}",
      year           = "2010",
      reportNumber   = "CERN-LHCC-2010-011, ALICE-TDR-14-add-1",
      number        = "CERN-LHCC-2010-011. ALICE-TDR-14-add-1",
      month         = "Jun",
      year          = "2010",
      reportNumber  = "CERN-LHCC-2010-011",
      url           = "https://cds.cern.ch/record/1272952",      S
      LACcitation   = "%%CITATION = CERN-LHCC-2010-011;%%"
}

@book{Brun:1994aa,
      author        = "Brun, René and Bruyant, F and Carminati, Federico and
                       Giani, Simone and Maire, M and McPherson, A and Patrick, G
                       and Urban, L",
      title         = "{GEANT: Detector Description and Simulation Tool; Oct
                       1994}",
      publisher     = "CERN",
      address       = "Geneva",
      series        = "CERN Program Library",
      year          = "1993",
      url           = "http://cds.cern.ch/record/1082634",
      note          = "Long Writeup W5013",
      doi           = "10.17181/CERN.MUHF.DMJ1",
}
@article{PhysRevLett.119.102301,
  title = {Anomalous Evolution of the Near-Side Jet Peak Shape in Pb-Pb Collisions at $\sqrt{{s}_{NN}}=2.76\text{ }\text{ }\mathrm{TeV}$},
  author = {ALICE Collaboration},
  collaboration = {ALICE Collaboration},
  journal = {Phys. Rev. Lett.},
  volume = {119},
  issue = {10},
  pages = {102301},
  numpages = {13},
  year = {2017},
  month = {Sep},
  publisher = {American Physical Society},
  doi = {10.1103/PhysRevLett.119.102301},
  url = {https://link.aps.org/doi/10.1103/PhysRevLett.119.102301}
}

@inproceedings{tensorflow2015-whitepaper,
author = "Abadi, Mart\'{\i}n and others",
title = "{TensorFlow}: Large-Scale Machine Learning on Heterogeneous
                  Systems",
year = "2016",
booktitle = "Proceedings of OSDI'16: 12th USENIX Symposium on
                  Operating Systems Design and Implementation",
organization = "USENIX Association",
address = "Berkeley, CA",
pages = "265--283",
url = "https://www.usenix.org/conference/osdi16/technical-sessions/presentation/abadi"
}

@article{doi:10.1002/cpe.4291,
author = "He, Yun and others",
title = "Preparing {NERSC} users for {Cori}, a {Cray} {XC40} system
                  with {Intel} many integrated cores",
journal = "Concurrency Computat.: Pract. Exper.",
volume = "30",
number = "1",
pages = "e4291",
doi = "10.1002/cpe.4291"
}

@article{Chatrchyan:2014ava,
      author         = "CMS Collaboration",
      title          = "{Measurement of jet fragmentation in PbPb and pp
                        collisions at $\sqrt{s_{NN}}=2.76$ TeV}",
      collaboration  = "CMS",
      journal        = "Phys. Rev.",
      volume         = "C90",
      year           = "2014",
      number         = "2",
      pages          = "024908",
      doi            = "10.1103/PhysRevC.90.024908",
      eprint         = "1406.0932",
      archivePrefix  = "arXiv",
      primaryClass   = "nucl-ex",
      reportNumber   = "CMS-HIN-12-013, CERN-PH-EP-2014-100",
      SLACcitation   = "%%CITATION = ARXIV:1406.0932;%%"
}

@article{Aaboud:2017bzv,
      author         = "ATLAS Collaboration",
      title          = "{Measurement of jet fragmentation in Pb+Pb and $pp$
                        collisions at $\sqrt{{s_\mathrm{NN}}} = 2.76$ TeV with the
                        ATLAS detector at the LHC}",
      collaboration  = "ATLAS",
      journal        = "Eur. Phys. J.",
      volume         = "C77",
      year           = "2017",
      number         = "6",
      pages          = "379",
      doi            = "10.1140/epjc/s10052-017-4915-5",
      eprint         = "1702.00674",
      archivePrefix  = "arXiv",
      primaryClass   = "hep-ex",
      reportNumber   = "CERN-EP-2017-005",
      SLACcitation   = "%%CITATION = ARXIV:1702.00674;%%"
}

@article{Aad:2014wha,
      author         = "ATLAS Collaboration",
      title          = "{Measurement of inclusive jet charged-particle
                        fragmentation functions in Pb+Pb collisions at
                        $\sqrt{s_{NN}}=2.76$ TeV with the ATLAS detector}",
      collaboration  = "ATLAS",
      journal        = "Phys. Lett.",
      volume         = "B739",
      year           = "2014",
      pages          = "320-342",
      doi            = "10.1016/j.physletb.2014.10.065",
      eprint         = "1406.2979",
      archivePrefix  = "arXiv",
      primaryClass   = "hep-ex",
      reportNumber   = "CERN-PH-EP-2014-101",
      SLACcitation   = "%%CITATION = ARXIV:1406.2979;%%"
}



@article{Aaboud:2017tke,
      author         = "Aaboud, Morad and others",
      title          = "{Measurement of jet fragmentation in 5.02 TeV proton-lead
                        and proton-proton collisions with the ATLAS detector}",
      collaboration  = "ATLAS",
      journal        = "Nucl. Phys.",
      volume         = "A978",
      year           = "2018",
      pages          = "65",
      doi            = "10.1016/j.nuclphysa.2018.07.006",
      eprint         = "1706.02859",
      archivePrefix  = "arXiv",
      primaryClass   = "hep-ex",
      reportNumber   = "CERN-EP-2017-065",
      SLACcitation   = "%%CITATION = ARXIV:1706.02859;%%"
}

@article{Khachatryan:2016xdg,
      author         = "CMS Collaboration",
      title          = "{Measurement of inclusive jet production and nuclear
                        modifications in pPb collisions at $\sqrt{s_{_\mathrm
                        {NN}}} =$ 5.02 TeV}",
      collaboration  = "CMS",
      journal        = "Eur. Phys. J.",
      volume         = "C76",
      year           = "2016",
      number         = "7",
      pages          = "372",
      doi            = "10.1140/epjc/s10052-016-4205-7",
      eprint         = "1601.02001",
      archivePrefix  = "arXiv",
      primaryClass   = "nucl-ex",
      reportNumber   = "CMS-HIN-14-001, CERN-PH-EP-2015-334",
      SLACcitation   = "%%CITATION = ARXIV:1601.02001;%%"
}

@article{Acharya:2018edi,
      author         = "Acharya, Shreyasi and others",
      title          = "{Jet fragmentation transverse momentum measurements from
                        di-hadron correlations in $\sqrt{s}$ = 7 TeV pp and
                        $\sqrt{s_{\rm{NN}}}$ = 5.02 TeV p-Pb collisions}",
      collaboration  = "ALICE",
      journal        = "JHEP",
      volume         = "03",
      year           = "2019",
      pages          = "169",
      doi            = "10.1007/JHEP03(2019)169",
      eprint         = "1811.09742",
      archivePrefix  = "arXiv",
      primaryClass   = "nucl-ex",
      reportNumber   = "CERN-EP-2018-303",
      SLACcitation   = "%%CITATION = ARXIV:1811.09742;%%"
}



@article{Sirunyan:2018nqr,
      author         = "Sirunyan, Albert M and others",
      title          = "{Centrality and pseudorapidity dependence of the
                        transverse energy density in pPb collisions at
                        $\sqrt{s_\mathrm{NN}} =$ 5.02 TeV}",
      collaboration  = "CMS",
      journal        = "Phys. Rev.",
      volume         = "C100",
      year           = "2019",
      number         = "2",
      pages          = "024902",
      doi            = "10.1103/PhysRevC.100.024902",
      eprint         = "1810.05745",
      archivePrefix  = "arXiv",
      primaryClass   = "hep-ex",
      reportNumber   = "CMS-HIN-14-014, CERN-EP-2018-268",
      SLACcitation   = "%%CITATION = ARXIV:1810.05745;%%"
}

@article{Adler:2005ad,
      collaboration  = "PHENIX",
      title          = "{Jet structure from dihadron correlations in 
      						d+Au collisions at $\sqrt{s_\mathrm{NN}}$ 200-GeV}",
      journal        = "Phys. Rev.",
      volume         = "C73",
      year           = "2006",
      pages          = "054903",
      doi            = "10.1103/PhysRevC.73.054903",
      eprint         = "nucl-ex/0510021",
      archivePrefix  = "arXiv",
      primaryClass   = "nucl-ex",
      SLACcitation   = "%%CITATION = NUCL-EX/0510021;%%"
}



@article{Khachatryan:2010fm,
      author         = "Khachatryan, Vardan and others",
      title          = "{Measurement of the Isolated Prompt Photon Production
                        Cross Section in $pp$ Collisions at $\sqrt{s} = 7$~TeV}",
      collaboration  = "CMS",
      journal        = "Phys. Rev. Lett.",
      volume         = "106",
      year           = "2011",
      pages          = "082001",
      doi            = "10.1103/PhysRevLett.106.082001",
      eprint         = "1012.0799",
      archivePrefix  = "arXiv",
      primaryClass   = "hep-ex",
      reportNumber   = "CERN-PH-EP-2010-053, CMS-QCD-10-019",
      SLACcitation   = "%%CITATION = ARXIV:1012.0799;%%"
}

@article{PhysRevD.82.014015,
  title = {Sensitivity of isolated photon production at TeV hadron colliders to the gluon distribution in the proton},
  author = {Ichou, Rapha\"elle and d'Enterria, David},
  journal = {Phys. Rev. D},
  volume = {82},
  issue = {1},
  pages = {014015},
  numpages = {11},
  year = {2010},
  month = {Jul},
  publisher = {American Physical Society},
  doi = {10.1103/PhysRevD.82.014015},
  url = {https://link.aps.org/doi/10.1103/PhysRevD.82.014015}
}


@article{chojnacki_alice, title={Measurement of identified charged hadron spectra with ALICE using the ITS in proton-proton collisions at the LHC}, volume={270}, DOI={10.1088/1742-6596/270/1/012006}, journal={Journal of Physics: Conference Series}, author={Chojnacki and the ALICE Collaboration, Marek}, year={2011}, month={Jan}, pages={012006}}

@article{Aamodt:2008zz,
    author = "Aamodt, K. and others",
    collaboration = "ALICE",
    doi = "10.1088/1748-0221/3/08/S08002",
    journal = "JINST",
    pages = "S08002",
    title = "{The ALICE experiment at the CERN LHC}",
    volume = "3",
    year = "2008"
}


@article{Cortese:2008zza,
    author = "Cortese, P. and others",
    collaboration = "ALICE",
    month = "9",
    reportNumber = "CERN-LHCC-2008-014, CERN-ALICE-TDR-014",
    title = "{ALICE electromagnetic calorimeter technical design report}",
    year = "2008"
}

@techreport{Cortese:1121574,
      author        = "Cortese, P. and others", 
      title         = "{ALICE Electromagnetic Calorimeter Technical Design
                       Report}",
      collaboration = "ALICE Collaboration",
      number        = "CERN-LHCC-2008-014. ALICE-TDR-14",
      month         = "Aug",
      year          = "2008",
      reportNumber  = "CERN-LHCC-2008-014",
      url           = "http://cds.cern.ch/record/1121574",
}

@book{CERN-LHCC-99-012,
      title         = "{ALICE Inner Tracking System (ITS): Technical Design
                       Report}",
      publisher     = "CERN",
      collaboration = "ALICE Collaboration",
      address       = "Geneva",
      series        = "Technical Design Report ALICE",
      year          = "1999",
      reportNumber  = "CERN-LHCC-99-012",
      url           = "http://cds.cern.ch/record/391175",
}

@article{Cortese:2004aa,
    author = "Cortese, P and others",
    collaboration = "ALICE",
    month = "9",
    reportNumber = "CERN-LHCC-2004-025",
    title = "{ALICE technical design report on forward detectors: FMD, T0 and V0}",
    year = "2004"
}

@article{AURENCHE199334,
title = "Next to leading order bremsstrahlung contribution to prompt-photon production",
journal = "Nuclear Physics B",
volume = "399",
number = "1",
pages = "34 - 62",
year = "1993",
issn = "0550-3213",
doi = "https://doi.org/10.1016/0550-3213(93)90615-V",
url = "http://www.sciencedirect.com/science/article/pii/055032139390615V",
author = "P. Aurenche and P. Chiappetta and M. Fontannaz and J.Ph. Guillet and E. P
}

@article{Qiu_2019,
   title={Factorization of Jet Cross Sections in Heavy-Ion Collisions},
   volume={122},
   ISSN={1079-7114},
   url={http://dx.doi.org/10.1103/PhysRevLett.122.252301},
   DOI={10.1103/physrevlett.122.252301},
   number={25},
   journal={Physical Review Letters},
   publisher={American Physical Society (APS)},
   author={Qiu, Jian-Wei and Ringer, Felix and Sato, Nobuo and Zurita, Pia},
   year={2019},
   month={Jun}
}

@misc{kang2016semiinclusive,
    title={Semi-inclusive jet cross sections within SCET},
    author={Zhong-Bo Kang and Felix Ringer and Ivan Vitev},
    year={2016},
    eprint={1609.07112},
    archivePrefix={arXiv},
    primaryClass={hep-ph}
}

@article{gamma_cross_section,
author = {Machado, Magno and Brenner Mariotto, Cristiano},
year = {2008},
month = {09},
pages = {},
title = {Investigating the high energy QCD approaches for prompt photon production at the LHC},
volume = {61},
journal = {European Physical Journal C},
doi = {10.1140/epjc/s10052-008-0842-9}
}


@article{KL201759,
title = "Hard substructure of jets probed in p-Pb collisions",
note = "Poster presented at The 26th International Conference on Ultra-relativistic Nucleus-Nucleus Collisions: Quark Matter 2017",
url = "https://indico.cern.ch/event/433345/contributions/2358200/",
author = "Kirill Lapidus",
}

@article{Sickles_2010,
   title={Extraction of correlated jet pair signals in relativistic heavy ion collisions},
   volume={81},
   ISSN={1089-490X},
   url={http://dx.doi.org/10.1103/PhysRevC.81.014908},
   DOI={10.1103/physrevc.81.014908},
   number={1},
   journal={Physical Review C},
   publisher={American Physical Society (APS)},
   author={Sickles, Anne and McCumber, Michael P. and Adare, Andrew},
   year={2010},
   month={Jan}
}%ZYAM in pp, using first ZYAM paper below instead.

@article{Adler_2006,
   title={Dense-Medium Modifications to Jet-Induced Hadron Pair Distributions in Au+Au Collisions at $\sqrt{s_\mathrm{NN}}$ = 200 GeV},
   volume={97},
   ISSN={1079-7114},
   url={http://dx.doi.org/10.1103/PhysRevLett.97.052301},
   DOI={10.1103/physrevlett.97.052301},
   number={5},
   journal={Physical Review Letters},
   publisher={American Physical Society (APS)},
   author={Adler, S. S. and Afanasiev, S. and Aidala, C. and Ajitanand, N. N. and Akiba, Y. and Alexander, J. and Amirikas, R. and Aphecetche, L. and Aronson, S. H. and Averbeck, R. and et al.},
   year={2006},
   month={Aug}
}
