
@article{Aurenche1993,
  title = {Next to Leading Order Bremsstrahlung Contribution to Prompt-Photon Production},
  author = {Aurenche, P. and Chiappetta, P. and Fontannaz, M. and Guillet, J. Ph. and Pilon, E.},
  year = {1993},
  month = jun,
  journal = {Nuclear Physics B},
  volume = {399},
  number = {1},
  pages = {34--62},
  issn = {0550-3213},
  doi = {10.1016/0550-3213(93)90615-V},
  abstract = {We calculate, to the next to leading order, the bremsstrahlung contribution to the inclusive prompt-photon cross section in hadron-hadron collisions. We discuss the possible inputs for the parton-into-photon fragmentation functions, as well as the fragmentation scale depedence of the full inclusive next to leading order prediction. The effect of these corrections is shown to be quite significant in the small-xtrange, xt {$\sim$} O(10-2) at collider energies, and the importance of the gluon into photon fragmentation process is stressed.},
  langid = {english},
  file = {/Users/fernando/Zotero/storage/MVJZ74KF/055032139390615V.html}
}

@article{Bourhis1998,
  title = {Quarks and Gluon Fragmentation Functions into Photons},
  author = {Bourhis, L. and Fontannaz, M. and Guillet, J. P.},
  year = {1998},
  journal = {Eur. Phys. J. C},
  volume = {2},
  pages = {529--537},
  doi = {10.1007/s100520050158},
  keywords = {DGLAP equation: solution,electron positron: annihilation,electron positron: inclusive reaction,factorization,gluon: fragmentation function,nonperturbative,photon: electroproduction,quark: fragmentation function,rho(770)0: electroproduction,vector dominance},
  annotation = {\_eprint: hep-ph/9704447},
  file = {/Users/fernando/Zotero/storage/DZEFQGJA/Bourhis et al. - 1998 - Quarks and gluon fragmentation functions into phot.pdf}
}

@article{Paganini2018,
  title = {{{CaloGAN}}: Simulating {{3D}} High Energy Particle Showers in Multilayer Electromagnetic Calorimeters with Generative Adversarial Networks},
  shorttitle = {{{CaloGAN}}},
  author = {Paganini, Michela and {de Oliveira}, Luke and Nachman, Benjamin},
  year = {2018},
  month = jan,
  journal = {Phys. Rev. D},
  volume = {97},
  number = {1},
  pages = {014021},
  publisher = {{American Physical Society}},
  doi = {10.1103/PhysRevD.97.014021},
  abstract = {The precise modeling of subatomic particle interactions and propagation through matter is paramount for the advancement of nuclear and particle physics searches and precision measurements. The most computationally expensive step in the simulation pipeline of a typical experiment at the Large Hadron Collider (LHC) is the detailed modeling of the full complexity of physics processes that govern the motion and evolution of particle showers inside calorimeters. We introduce CaloGAN, a new fast simulation technique based on generative adversarial networks (GANs). We apply these neural networks to the modeling of electromagnetic showers in a longitudinally segmented calorimeter and achieve speedup factors comparable to or better than existing full simulation techniques on CPU (100\texttimes\textendash 1000\texttimes ) and even faster on GPU (up to {$\sim$}105\texttimes ). There are still challenges for achieving precision across the entire phase space, but our solution can reproduce a variety of geometric shower shape properties of photons, positrons, and charged pions. This represents a significant stepping stone toward a full neural network-based detector simulation that could save significant computing time and enable many analyses now and in the future.},
  file = {/Users/fernando/Zotero/storage/TLJXTUZ5/Paganini et al. - 2018 - CaloGAN Simulating 3D high energy particle shower.pdf;/Users/fernando/Zotero/storage/RQPS7BFQ/PhysRevD.97.html}
}

@article{Sirunyan2020,
  title = {The Production of Isolated Photons in {{PbPb}} and Pp Collisions at \$\$ \textbackslash sqrt\{s\_\{\textbackslash mathrm\{\vphantom{\}\}\}}{{NN}}\vphantom\{\}\vphantom\{\}\vphantom\{\} \$\$= 5.02 {{TeV}}},
  author = {Sirunyan, A. M. and Tumasyan, A. and Adam, W. and Ambrogi, F. and Bergauer, T. and Dragicevic, M. and Er{\"o}, J. and Escalante Del Valle, A. and Flechl, M. and Fr{\"u}hwirth, R. and Jeitler, M. and Krammer, N. and Kr{\"a}tschmer, I. and Liko, D. and Madlener, T. and Mikulec, I. and Rad, N. and Schieck, J. and Sch{\"o}fbeck, R. and Spanring, M. and Waltenberger, W. and Wulz, C.-E. and Zarucki, M. and Drugakov, V. and Mossolov, V. and Suarez Gonzalez, J. and Darwish, M. R. and De Wolf, E. A. and Di Croce, D. and Janssen, X. and Kello, T. and Lelek, A. and Pieters, M. and Rejeb Sfar, H. and Van Haevermaet, H. and Van Mechelen, P. and Van Putte, S. and Van Remortel, N. and Blekman, F. and Bols, E. S. and Chhibra, S. S. and D'Hondt, J. and De Clercq, J. and Lontkovskyi, D. and Lowette, S. and Marchesini, I. and Moortgat, S. and Python, Q. and Tavernier, S. and Van Doninck, W. and Van Mulders, P. and Beghin, D. and Bilin, B. and Clerbaux, B. and De Lentdecker, G. and Delannoy, H. and Dorney, B. and Favart, L. and Grebenyuk, A. and Kalsi, A. K. and Moureaux, L. and Popov, A. and Postiau, N. and Starling, E. and Thomas, L. and Vander Velde, C. and Vanlaer, P. and Vannerom, D. and Cornelis, T. and Dobur, D. and Khvastunov, I. and Niedziela, M. and Roskas, C. and Skovpen, K. and Tytgat, M. and Verbeke, W. and Vermassen, B. and Vit, M. and Bruno, G. and Caputo, C. and David, P. and Delaere, C. and Delcourt, M. and Giammanco, A. and Lemaitre, V. and Prisciandaro, J. and Saggio, A. and Vischia, P. and Zobec, J. and Alves, G. A. and Correia Silva, G. and Hensel, C. and Moraes, A. and Belchior Batista Das Chagas, E. and Carvalho, W. and Chinellato, J. and Coelho, E. and Da Costa, E. M. and Da Silveira, G. G. and De Jesus Damiao, D. and De Oliveira Martins, C. and Fonseca De Souza, S. and Malbouisson, H. and Martins, J. and Matos Figueiredo, D. and Medina Jaime, M. and Melo De Almeida, M. and Mora Herrera, C. and Mundim, L. and Nogima, H. and Prado Da Silva, W. L. and Rebello Teles, P. and Sanchez Rosas, L. J. and Santoro, A. and Sznajder, A. and Thiel, M. and Tonelli Manganote, E. J. and Torres Da Silva De Araujo, F. and Vilela Pereira, A. and Bernardes, C. A. and Calligaris, L. and Fernandez Perez Tomei, T. R. and Gregores, E. M. and Lemos, D. S. and Mercadante, P. G. and Novaes, S. F. and Padula, SandraS. and Aleksandrov, A. and Antchev, G. and Hadjiiska, R. and Iaydjiev, P. and Misheva, M. and Rodozov, M. and Shopova, M. and Sultanov, G. and Bonchev, M. and Dimitrov, A. and Ivanov, T. and Litov, L. and Pavlov, B. and Petkov, P. and Petrov, A. and Fang, W. and Gao, X. and Yuan, L. and Ahmad, M. and Hu, Z. and Wang, Y. and Chen, G. M. and Chen, H. S. and Chen, M. and Jiang, C. H. and Leggat, D. and Liao, H. and Liu, Z. and Spiezia, A. and Tao, J. and Yazgan, E. and Zhang, H. and Zhang, S. and Zhao, J. and Agapitos, A. and Ban, Y. and Chen, G. and Levin, A. and Li, J. and Li, L. and Li, Q. and Mao, Y. and Qian, S. J. and Wang, D. and Wang, Q. and Xiao, M. and Avila, C. and Cabrera, A. and Florez, C. and Gonz{\'a}lez Hern{\'a}ndez, C. F. and Segura Delgado, M. A. and Mejia Guisao, J. and Ruiz Alvarez, J. D. and Salazar Gonz{\'a}lez, C. A. and Vanegas Arbelaez, N. and Giljanov{\'i}c, D. and Godinovic, N. and Lelas, D. and Puljak, I. and Sculac, T. and Antunovic, Z. and Kovac, M. and Brigljevic, V. and Ferencek, D. and Kadija, K. and Majumder, D. and Mesic, B. and Roguljic, M. and Starodumov, A. and Susa, T. and Ather, M. W. and Attikis, A. and Erodotou, E. and Ioannou, A. and Kolosova, M. and Konstantinou, S. and Mavromanolakis, G. and Mousa, J. and Nicolaou, C. and Ptochos, F. and Razis, P. A. and Rykaczewski, H. and Saka, H. and Tsiakkouri, D. and Finger, M. and Finger, M. and Kveton, A. and Tomsa, J. and Ayala, E. and Carrera Jarrin, E. and Mohamed, A. and Salama, E. and Bhowmik, S. and Carvalho Antunes De Oliveira, A. and Dewanjee, R. K. and Ehataht, K. and Kadastik, M. and Raidal, M. and Veelken, C. and Eerola, P. and Forthomme, L. and Kirschenmann, H. and Osterberg, K. and Voutilainen, M. and Br{\"u}cken, E. and Garcia, F. and Havukainen, J. and Heikkil{\"a}, J. K. and Karim{\"a}ki, V. and Kim, M. S. and Kinnunen, R. and Lamp{\'e}n, T. and {Lassila-Perini}, K. and Laurila, S. and Lehti, S. and Lind{\'e}n, T. and Siikonen, H. and Tuominen, E. and Tuominiemi, J. and Luukka, P. and Tuuva, T. and Besancon, M. and Couderc, F. and Dejardin, M. and Denegri, D. and Fabbro, B. and Faure, J. L. and Ferri, F. and Ganjour, S. and Givernaud, A. and Gras, P. and {Hamel de Monchenault}, G. and Jarry, P. and Leloup, C. and Lenzi, B. and Locci, E. and Malcles, J. and Rander, J. and Rosowsky, A. and Sahin, M. {\"O}. and {Savoy-Navarro}, A. and Titov, M. and Yu, G. B. and Ahuja, S. and Amendola, C. and Beaudette, F. and Bonanomi, M. and Busson, P. and Charlot, C. and Diab, B. and Falmagne, G. and {Granier de Cassagnac}, R. and Kucher, I. and Lobanov, A. and Martin Perez, C. and Nguyen, M. and Ochando, C. and Paganini, P. and Rembser, J. and Salerno, R. and Sauvan, J. B. and Sirois, Y. and Zabi, A. and Zghiche, A. and Agram, J.-L. and Andrea, J. and Bloch, D. and Bourgatte, G. and Brom, J.-M. and Chabert, E. C. and Collard, C. and Conte, E. and {The CMS collaboration}},
  year = {2020},
  month = jul,
  journal = {J. High Energ. Phys.},
  volume = {2020},
  number = {7},
  pages = {116},
  issn = {1029-8479},
  doi = {10.1007/JHEP07(2020)116},
  abstract = {The transverse energy (\$\$ \{E\}\_\{\textbackslash mathrm\{T\}\}\^\{\textbackslash upgamma\} \$\$) spectra of photons isolated from other particles are measured using proton-proton (pp) and lead-lead (PbPb) collisions at the LHC at \$\$ \textbackslash sqrt\{s\_\{\textbackslash mathrm\{NN\}\}\} \$\$= 5.02 TeV with integrated luminosities of 27.4 pb-1 and 404 {$\mu$}b-1 for pp and PbPb data, respectively. The results are presented for photons with 25 {$<$} \$\$ \{E\}\_\{\textbackslash mathrm\{T\}\}\^\{\textbackslash upgamma\} \$\${$<$} 200 GeV in the pseudorapidity range |{$\eta$}| {$<$} 1.44, and for different centrality intervals for PbPb collisions. Photon production in PbPb collisions is consistent with that in pp collisions scaled by the number of binary nucleon-nucleon collisions, demonstrating that photons do not interact with the quark-gluon plasma. Therefore, isolated photons can provide information about the initial energy of the associated parton in photon+jet measurements. The results are compared with predictions from the next-to-leading-order jetphox generator for different parton distribution functions (PDFs) and nuclear PDFs (nPDFs). The comparisons can help to constrain the nPDFs global fits.},
  langid = {english},
  file = {/Users/fernando/Zotero/storage/ZILS4CE8/Sirunyan et al. - 2020 - The production of isolated photons in PbPb and pp .pdf}
}


