PREAMBLE{
 "\providecommand{\noopsort}[1]{}" 
 # "\providecommand{\singleletter}[1]{#1}%" 
}

@inproceedings{Parker:2020xxt,
    author = "Parker, Brett and others",
    title = "{Electron Ion Collider Machine Detector Interface}",
    booktitle = "{3rd North American Particle Accelerator Conference (NAPAC2019)}",
    doi = "10.18429/JACoW-NAPAC2019-TUZBA2",
    pages = "TUZBA2",
    year = "2019"
}

@article{Ivanov:2004ax,
    author = "Ivanov, I.P. and Nikolaev, N.N. and Savin, A.A.",
    title = "{Diffractive vector meson production at HERA: From soft to hard QCD}",
    eprint = "hep-ph/0501034",
    archivePrefix = "arXiv",
    reportNumber = "DESY-04-243",
    doi = "10.1134/S1063779606010011",
    journal = "Phys. Part. Nucl.",
    volume = "37",
    pages = "1--85",
    year = "2006"
}

@article{Aschenauer:2017jsk,
    author = "Aschenauer, E. C. and Fazio, S. and Lee, J. H. and Mantysaari, H. and Page, B. S. and Schenke, B. and Ullrich, T. and Venugopalan, R. and Zurita, P.",
    title = "{The electron\textendash{}ion collider: assessing the energy dependence of key measurements}",
    eprint = "1708.01527",
    archivePrefix = "arXiv",
    primaryClass = "nucl-ex",
    reportNumber = "BNL-114111-2017",
    doi = "10.1088/1361-6633/aaf216",
    journal = "Rept. Prog. Phys.",
    volume = "82",
    number = "2",
    pages = "024301",
    year = "2019"
}

@misc{eRHIC:preCDR,
  title = "{Electron-Ion Collider eRHIC: Pre-Conceptual Design Report}",
  howpublished = "{\url{https://wiki.bnl.gov/eic/upload/EIC.Design.Study.pdf}}",
  year = "2019"
}

@inproceedings{Levy:2007fb,
    author = "Levy, Aharon",
    title = "{Exclusive vector meson electroproduction at HERA}",
    booktitle = "{12th International Conference on Elastic and Diffractive Scattering: Forward Physics and QCD}",
    eprint = "0711.0737",
    archivePrefix = "arXiv",
    primaryClass = "hep-ex",
    pages = "2--9",
    month = "11",
    year = "2007"
}


@article{Cepila:2019dzw,
    author = "Cepila, Jan",
    editor = "Bruzda, Wojciech and G\'orz-Kud\l{}acz, Agata and Stankiewicz, Krystyna and Zachorowska-Such, El\.zbieta",
    title = "{Vector Meson Electro-production Within the Energy-dependent Hot-spot Model}",
    doi = "10.5506/APhysPolBSupp.12.787",
    journal = "Acta Phys. Polon. Supp.",
    volume = "12",
    number = "4",
    pages = "787--792",
    year = "2019"
}

@article{Cepila:2018zky,
    author = "Cepila, J. and Contreras, J.G. and Krelina, M. and Tapia Takaki, J.D.",
    title = "{Mass dependence of vector meson photoproduction off protons and nuclei within the energy-dependent hot-spot model}",
    eprint = "1804.05508",
    archivePrefix = "arXiv",
    primaryClass = "hep-ph",
    doi = "10.1016/j.nuclphysb.2018.07.010",
    journal = "Nucl. Phys. B",
    volume = "934",
    pages = "330--340",
    year = "2018"
}


@article{Zyla:2020zbs,
    author = "Zyla, P. A. and others",
    collaboration = "Particle Data Group",
    title = "{Review of Particle Physics}",
    doi = "10.1093/ptep/ptaa104",
    journal = "PTEP",
    volume = "2020",
    number = "8",
    pages = "083C01",
    year = "2020"
}


@article{Xu:1999qy,
    author = "Xu, Jia-Sheng and Peng, Hong-An",
    title = "{Diffractive $J/\psi$ production through color octet mechanism in resolved photon processes at HERA}",
    eprint = "hep-ph/9901328",
    archivePrefix = "arXiv",
    reportNumber = "PKU-TP-99-02",
    doi = "10.1103/PhysRevD.60.094010",
    journal = "Phys. Rev. D",
    volume = "60",
    pages = "094010",
    year = "1999"
}

@article{Mantysaari:2016ykx,
    author = {M\"antysaari, Heikki and Schenke, Bj\"orn},
    title = "{Evidence of strong proton shape fluctuations from incoherent diffraction}",
    eprint = "1603.04349",
    archivePrefix = "arXiv",
    primaryClass = "hep-ph",
    doi = "10.1103/PhysRevLett.117.052301",
    journal = "Phys. Rev. Lett.",
    volume = "117",
    number = "5",
    pages = "052301",
    year = "2016"
}


@article{Flett:2019pux,
    author = "Flett, C.A. and Jones, S.P. and Martin, A.D. and Ryskin, M.G. and Teubner, T.",
    title = "{How to include exclusive $J/\psi$ production data in global PDF analyses}",
    eprint = "1908.08398",
    archivePrefix = "arXiv",
    primaryClass = "hep-ph",
    reportNumber = "CERN-TH-2019-137, IPPP/19/65, LTH 1213",
    doi = "10.1103/PhysRevD.101.094011",
    journal = "Phys. Rev. D",
    volume = "101",
    number = "9",
    pages = "094011",
    year = "2020"
}

@article{Klein:2020fmr,
    author = "Klein, Spencer and Steinberg, Peter",
    title = "{Photonuclear and Two-photon Interactions at High-Energy Nuclear Colliders}",
    eprint = "2005.01872",
    archivePrefix = "arXiv",
    primaryClass = "nucl-ex",
    doi = "10.1146/annurev-nucl-030320-033923",
    journal = "Ann. Rev. Nucl. Part. Sci.",
    volume = "70",
    pages = "323--354",
    year = "2020"
}

@article{Cacciari:2008gp,
    author = "Cacciari, Matteo and Salam, Gavin P. and Soyez, Gregory",
    title = "{The anti-$k_t$ jet clustering algorithm}",
    eprint = "0802.1189",
    archivePrefix = "arXiv",
    primaryClass = "hep-ph",
    reportNumber = "LPTHE-07-03",
    doi = "10.1088/1126-6708/2008/04/063",
    journal = "JHEP",
    volume = "04",
    pages = "063",
    year = "2008"
}

@unpublished{Schmidke2019,
      author         = "Schmidke, William",
      title          = "{Ultra-peripheral Collisions at STAR}",
      collaboration  = "STAR",
      year           = "2019",
      note           = "{2019 Meeting of the Division of Particles and Fields of the American Physical Society}",
      url            = "https://indico.cern.ch/event/782953/contributions/3455005"
}

@article{Accardi:2012qut,
    author = "Accardi, A. and others",
    editor = "Deshpande, A. and Meziani, Z.E. and Qiu, J.W.",
    title = "{Electron Ion Collider: The Next QCD Frontier}: {Understanding the glue that binds us all}",
    eprint = "1212.1701",
    archivePrefix = "arXiv",
    primaryClass = "nucl-ex",
    reportNumber = "BNL-98815-2012-JA, JLAB-PHY-12-1652",
    doi = "10.1140/epja/i2016-16268-9",
    journal = "Eur. Phys. J. A",
    volume = "52",
    number = "9",
    pages = "268",
    year = "2016"
}

@article{Chudakov:2016ytj,
    author = "Chudakov, E. and Higinbotham, D. and Hyde, Ch. and Furletov, S. and Furletova, Yu. and Nguyen, D. and Stratmann, M. and Strikman, M. and Weiss, C.",
    editor = "Bozzo, Marco and Armstrong, David S. and Cenci, Patrizia and Giovanetti, Kevin and Lazzeroni, Cristina and McKenna, Janis and Rubin, Philip and Smith, Elton S. and Solomey, Nick and Strakowsky, Igor",
    title = "{Heavy quark production at an Electron-Ion Collider}",
    eprint = "1610.08536",
    archivePrefix = "arXiv",
    primaryClass = "hep-ex",
    reportNumber = "JLAB-THY-16-2354",
    doi = "10.1088/1742-6596/770/1/012042",
    journal = "J. Phys. Conf. Ser.",
    volume = "770",
    number = "1",
    pages = "012042",
    year = "2016"
}

@article{Aschenauer:2017oxs,
    author = "Aschenauer, E.C. and Fazio, S. and Lamont, M.A.C. and Paukkunen, H. and Zurita, Pia",
    title = "{Nuclear Structure Functions at a Future Electron-Ion Collider}",
    eprint = "1708.05654",
    archivePrefix = "arXiv",
    primaryClass = "nucl-ex",
    doi = "10.1103/PhysRevD.96.114005",
    journal = "Phys. Rev. D",
    volume = "96",
    number = "11",
    pages = "114005",
    year = "2017"
}


@misc{PYTHIA6,
  title = "{PYTHIA 6.4.28}",
  howpublished = "{\url{https://eic.github.io/software/pythia6.html}}",
  year = "{Accessed: 2020-10-07}"
}

@misc{EICroot,
  title = "{EICroot}",
  howpublished = "{\url{https://wiki.bnl.gov/eic/index.php/Eicroot}}",
  tear = "{Accessed: 2020-06-16}"
}

@misc{Fun4All,
  title = "{Fun4All}",
  howpublished = "{\url{https://wiki.bnl.gov/sPHENIX/index.php/EIC_SPHENIX_FUN4ALL}}",
  year = "{Accessed: 2020-06-16}"
}

@article{Pinkenburg:2011zza,
    author = "Pinkenburg, Christopher",
    editor = "Lin, Simon C.",
    collaboration = "PHENIX",
    title = "{Analyzing ever growing datasets in PHENIX}",
    doi = "10.1088/1742-6596/331/7/072027",
    journal = "J. Phys. Conf. Ser.",
    volume = "331",
    pages = "072027",
    year = "2011"
}

@inproceedings{Pinkenburg:2005zza,
    author = "Pinkenburg, C.",
    title = "{Online Monitoring and online calibration/reconstruction for the PHENIX experiment}",
    booktitle = "{14th International Conference on Computing in High-Energy and Nuclear Physics}",
    pages = "127--129",
    year = "2005"
}

@article{its3det,
    author = "ALICE Collaboration",
    title = "{\href{https://cds.cern.ch/record/2703140}{Letter of Intent for an ALICE ITS Upgrade in LS3}}",
    eprint = "",
    archivePrefix = "",
    primaryClass = "",
    doi = "",
    journal = "CERN-LHCC-2019-018. LHCC-I-034",
    volume = "",
    pages = "",
    year = "January 2020"
}

@misc{ayk,
  title = "{A. Y. Kiselev}",
  note = "{Private communication.}"
}

@misc{cisbani,
  title = "{E. Cisbani}",
  note = "{Private communication.}"
}

@misc{Babar,
  title = "{sPHENIX Technical Design Report}",
  howpublished = "{\url{https://indico.bnl.gov/event/5905/contributions/32455/attachments/25084/37388/sphenix_tdr_20191015.pdf}}",
  year = "2019"
}

@misc{Beast1,
  title = "{BeAST Magnetic Field}",
  howpublished = "{\url{https://eic.github.io/software/beast_magnetic_field.html}}",
  year = "2020"
}

@misc{Beast2,
  title = "{A dedicated eRHIC Detector Design }",
  howpublished = "{\url{https://indico.desy.de/indico/event/12482/session/7/contribution/259/material/slides/0.pptx}}",
  year = "2016"
}

@article{Sj_strand_2006,
	doi = {10.1088/1126-6708/2006/05/026},
	url = {https://doi.org/10.1088%2F1126-6708%2F2006%2F05%2F026},
	year = 2006,
	month = {may},
	publisher = {Springer Science and Business Media {LLC}},
	volume = {2006},
	number = {05},
	pages = {026--026},
	author = {Torbjörn Sjöstrand and Stephen Mrenna and Peter Skands},
	title = {{PYTHIA} 6.4 physics and manual},
	journal = {Journal of High Energy Physics},
}

%delta_g/g citation
@article{Adolph:2012ca,
    author = "Adolph, C. and others",
    collaboration = "COMPASS",
    title = "{Leading and Next-to-Leading Order Gluon Polarization in the Nucleon and Longitudinal Double Spin Asymmetries from Open Charm Muoproduction}",
    eprint = "1211.6849",
    archivePrefix = "arXiv",
    primaryClass = "hep-ex",
    reportNumber = "CERN-PH-EP-2012-350",
    doi = "10.1103/PhysRevD.87.052018",
    journal = "Phys. Rev. D",
    volume = "87",
    number = "5",
    pages = "052018",
    year = "2013"
}

%delta_g/g citation
@phdthesis{Kurek:2011kka,
    author = "Kurek, K.",
    title = "{Understanding the Nucleon's Spin Structure The Direct Gluon Polarisation Measurement at the COMPASS Experiment}",
    reportNumber = "CERN-THESIS-2011-273",
    school = "Soltan Inst., Swierk",
    year = "2011"
}

%delta_g/g citation
@article{Nocera:2014gqa,
    author = "Nocera, Emanuele R. and Ball, Richard D. and Forte, Stefano and Ridolfi, Giovanni and Rojo, Juan",
    collaboration = "NNPDF",
    title = "{A first unbiased global determination of polarized PDFs and their uncertainties}",
    eprint = "1406.5539",
    archivePrefix = "arXiv",
    primaryClass = "hep-ph",
    reportNumber = "CERN-PH-TH-2014-106, IFUN-1028-FT, EDINBURGH-14-11, OUTP-14-06P",
    doi = "10.1016/j.nuclphysb.2014.08.008",
    journal = "Nucl. Phys. B",
    volume = "887",
    pages = "276--308",
    year = "2014"
}

%delta_g/g citation
@article{Ball:2012cx,
    author = "Ball, Richard D. and others",
    title = "{Parton distributions with LHC data}",
    eprint = "1207.1303",
    archivePrefix = "arXiv",
    primaryClass = "hep-ph",
    reportNumber = "EDINBURGH-2012-08, IFUM-FT-997, FR-PHENO-2012-014, RWTH-TTK-12-25, CERN-PH-TH-2012-037, SFB-CPP-12-47",
    doi = "10.1016/j.nuclphysb.2012.10.003",
    journal = "Nucl. Phys. B",
    volume = "867",
    pages = "244--289",
    year = "2013"
}


@article{Zheng:2018ssm,
    author = "Zheng, Liang and Aschenauer, E.C. and Lee, J.H. and Xiao, Bo-Wen and Yin, Zhong-Bao",
    title = "{Accessing the gluon Sivers function at a future electron-ion collider}",
    eprint = "1805.05290",
    archivePrefix = "arXiv",
    primaryClass = "hep-ph",
    doi = "10.1103/PhysRevD.98.034011",
    journal = "Phys. Rev. D",
    volume = "98",
    number = "3",
    pages = "034011",
    year = "2018"
}

@article{Boer:2016fqd,
    author = {Boer, Dani\"el and Mulders, Piet J. and Pisano, Cristian and Zhou, Jian},
    title = "{Asymmetries in Heavy Quark Pair and Dijet Production at an EIC}",
    eprint = "1605.07934",
    archivePrefix = "arXiv",
    primaryClass = "hep-ph",
    doi = "10.1007/JHEP08(2016)001",
    journal = "JHEP",
    volume = "08",
    pages = "001",
    year = "2016"
}

@article{Christiansen:2015yqa,
    author = "Christiansen, Jesper R. and Skands, Peter Z.",
    title = "{String Formation Beyond Leading Colour}",
    eprint = "1505.01681",
    archivePrefix = "arXiv",
    primaryClass = "hep-ph",
    reportNumber = "COEPP-MN-15-1, LU-TP-15-16, MCNET-15-09",
    doi = "10.1007/JHEP08(2015)003",
    journal = "JHEP",
    volume = "08",
    pages = "003",
    year = "2015"
}

@article{Abramowicz:2010aa,
    author = "Abramowicz, H. and others",
    collaboration = "ZEUS",
    title = "{Measurement of $D^+$ and $\Lambda_{c}^{+}$ production in deep inelastic scattering at HERA}",
    eprint = "1007.1945",
    archivePrefix = "arXiv",
    primaryClass = "hep-ex",
    reportNumber = "DESY-10-064",
    doi = "10.1007/JHEP11(2010)009",
    journal = "JHEP",
    volume = "11",
    pages = "009",
    year = "2010"
}
@article{Acharya:2017kfy,
    author = "Acharya, Shreyasi and others",
    collaboration = "ALICE",
    title = "{$\Lambda_{\rm c}^+$ production in pp collisions at $\sqrt{s} = 7$ TeV and in p-Pb collisions at $\sqrt{s_{\rm NN}} = 5.02$ TeV}",
    eprint = "1712.09581",
    archivePrefix = "arXiv",
    primaryClass = "nucl-ex",
    reportNumber = "CERN-EP-2017-339",
    doi = "10.1007/JHEP04(2018)108",
    journal = "JHEP",
    volume = "04",
    pages = "108",
    year = "2018"
}

@article{Chekanov:2005mm,
    author = "Chekanov, S. and others",
    collaboration = "ZEUS",
    title = "{Measurement of charm fragmentation ratios and fractions in photoproduction at HERA}",
    eprint = "hep-ex/0508019",
    archivePrefix = "arXiv",
    reportNumber = "DESY-05-147",
    doi = "10.1140/epjc/s2005-02397-3",
    journal = "Eur. Phys. J. C",
    volume = "44",
    pages = "351--366",
    year = "2005"
}

@article{PDG2020,
	title = "{Review of Particle Physics 2020}",
	author = "{Particle Data Group}",
	collaboration = {Particle Data Group},
	journal = {Prog. Theor. Exp. Phys.},
	volume = {2020},
	pages = {083c01},
	year = {2020},
	url = {https://link.aps.org/doi/10.1103/PhysRevD.98.030001}
}

@article{Adam:2015ota,
    author = "Adam, Jaroslav and others",
    collaboration = "ALICE",
    title = "{Measurement of charm and beauty production at central rapidity versus charged-particle multiplicity in proton-proton collisions at $ \sqrt{s}=7 $ TeV}",
    eprint = "1505.00664",
    archivePrefix = "arXiv",
    primaryClass = "nucl-ex",
    reportNumber = "CERN-PH-EP-2015-091",
    doi = "10.1007/JHEP09(2015)148",
    journal = "JHEP",
    volume = "09",
    pages = "148",
    year = "2015"
}

@article{Acharya:2020pit,
    author = "Acharya, Shreyasi and others",
    collaboration = "ALICE",
    title = "{Multiplicity dependence of J/$\psi$ production at midrapidity in pp collisions at $\sqrt{s}$ = 13 TeV}",
    eprint = "2005.11123",
    archivePrefix = "arXiv",
    primaryClass = "nucl-ex",
    reportNumber = "CERN-EP-2020-088",
    doi = "10.1016/j.physletb.2020.135758",
    journal = "Phys. Lett. B",
    volume = "810",
    pages = "135758",
    year = "2020"
}

@article{Adam:2018jmp,
    author = "Adam, Jaroslav and others",
    collaboration = "STAR",
    title = "{$J/\psi$ production cross section and its dependence on charged-particle multiplicity in $p + p$ collisions at $\sqrt{s}$ = 200 GeV}",
    eprint = "1805.03745",
    archivePrefix = "arXiv",
    primaryClass = "hep-ex",
    doi = "10.1016/j.physletb.2018.09.029",
    journal = "Phys. Lett. B",
    volume = "786",
    pages = "87--93",
    year = "2018"
}

@article{Kopeliovich:2019phc,
    author = "Kopeliovich, B.Z. and Pirner, H.J. and Potashnikova, I.K. and Reygers, K. and Schmidt, Iv\'an",
    title = "{Heavy quarkonium in the saturated environment of high-multiplicity pp collisions}",
    eprint = "1910.09682",
    archivePrefix = "arXiv",
    primaryClass = "hep-ph",
    doi = "10.1103/PhysRevD.101.054023",
    journal = "Phys. Rev. D",
    volume = "101",
    number = "5",
    pages = "054023",
    year = "2020"
}

@inproceedings{Rykov:2004ss,
    author = "Rykov, V.L. and Sudoh, K.",
    title = "{Spin transfer to $\Lambda^+_c$ hyperons in polarized proton collisions at RHIC}",
    booktitle = "{16th International Spin Physics Symposium (SPIN 2004)}",
    eprint = "hep-ph/0412244",
    archivePrefix = "arXiv",
    doi = "10.1142/9789812701909_0063",
    pages = "353--356",
    month = "12",
    year = "2004"
}

@article{Abramowicz:1900rp,
    author = "Abramowicz, H. and others",
    collaboration = "H1, ZEUS",
    title = "{Combination and QCD Analysis of Charm Production Cross Section Measurements in Deep-Inelastic ep Scattering at HERA}",
    eprint = "1211.1182",
    archivePrefix = "arXiv",
    primaryClass = "hep-ex",
    reportNumber = "DESY-12-172",
    doi = "10.1140/epjc/s10052-013-2311-3",
    journal = "Eur. Phys. J. C",
    volume = "73",
    number = "2",
    pages = "2311",
    year = "2013"
}

@misc{Boer:2011fh,
    author = "Boer, Daniel and others",
    title = "{Gluons and the quark sea at high energies: Distributions, polarization, tomography}",
    eprint = "1108.1713",
    archivePrefix = "arXiv",
    primaryClass = "nucl-th",
    reportNumber = "SLAC-R-995, INT-PUB-11-034, BNL-96164-2011, JLAB-THY-11-1373",
    month = "8",
    year = "2011"
}

@article{Zhu:2013yxa,
    author = "Zhu, Ruilin and Sun, Peng and Yuan, Feng",
    title = "{Low Transverse Momentum Heavy Quark Pair Production to Probe Gluon Tomography}",
    eprint = "1309.0780",
    archivePrefix = "arXiv",
    primaryClass = "hep-ph",
    doi = "10.1016/j.physletb.2013.11.002",
    journal = "Phys. Lett. B",
    volume = "727",
    pages = "474--479",
    year = "2013"
}

@article{Boer:2010zf,
    author = "Boer, Daniel and Brodsky, Stanley J. and Mulders, Piet J. and Pisano, Cristian",
    title = "{Direct Probes of Linearly Polarized Gluons inside Unpolarized Hadrons}",
    eprint = "1011.4225",
    archivePrefix = "arXiv",
    primaryClass = "hep-ph",
    reportNumber = "SLAC-PUB-14294",
    doi = "10.1103/PhysRevLett.106.132001",
    journal = "Phys. Rev. Lett.",
    volume = "106",
    pages = "132001",
    year = "2011"
}

@article{Metz:2011wb,
    author = "Metz, Andreas and Zhou, Jian",
    title = "{Distribution of linearly polarized gluons inside a large nucleus}",
    eprint = "1105.1991",
    archivePrefix = "arXiv",
    primaryClass = "hep-ph",
    doi = "10.1103/PhysRevD.84.051503",
    journal = "Phys. Rev. D",
    volume = "84",
    pages = "051503",
    year = "2011"
}

@article{Dominguez:2011br,
    author = "Dominguez, Fabio and Qiu, Jian-Wei and Xiao, Bo-Wen and Yuan, Feng",
    title = "{On the linearly polarized gluon distributions in the color dipole model}",
    eprint = "1109.6293",
    archivePrefix = "arXiv",
    primaryClass = "hep-ph",
    doi = "10.1103/PhysRevD.85.045003",
    journal = "Phys. Rev. D",
    volume = "85",
    pages = "045003",
    year = "2012"
}

@article{Dominguez:2012ad,
    author = "Dominguez, Fabio and Marquet, Cyrille and Stasto, Anna M. and Xiao, Bo-Wen",
    title = "{Universality of multiparticle production in QCD at high energies}",
    eprint = "1210.1141",
    archivePrefix = "arXiv",
    primaryClass = "hep-ph",
    reportNumber = "CERN-PH-TH-2012-269",
    doi = "10.1103/PhysRevD.87.034007",
    journal = "Phys. Rev. D",
    volume = "87",
    pages = "034007",
    year = "2013"
}

@book{Collins:2011zzd,
    author = "Collins, John",
    title = "{Foundations of perturbative QCD}",
    isbn = "978-1-107-64525-7, 978-1-107-64525-7, 978-0-521-85533-4, 978-1-139-09782-6",
    publisher = "Cambridge University Press",
    volume = "32",
    month = "11",
    year = "2013"
}

@article{Borsa:2020ulb,
    author = "Borsa, Ignacio and de Florian, Daniel and Pedron, Iv\'an",
    title = "{Jet Production in Polarized Deep Inelastic Scattering at Next-to-Next-to-Leading Order}",
    eprint = "2005.10705",
    archivePrefix = "arXiv",
    primaryClass = "hep-ph",
    doi = "10.1103/PhysRevLett.125.082001",
    journal = "Phys. Rev. Lett.",
    volume = "125",
    number = "8",
    pages = "082001",
    year = "2020"
}

@misc{Borsa:2020yxh,
    author = "Borsa, Ignacio and de Florian, Daniel and Pedron, Iv\'an",
    title = "{Inclusive-jet and Di-jet Production in Polarized Deep Inelastic Scattering}",
    eprint = "2010.07354",
    archivePrefix = "arXiv",
    primaryClass = "hep-ph",
    month = "10",
    year = "2020"
}

@article{Boughezal:2018azh,
    author = "Boughezal, Radja and Petriello, Frank and Xing, Hongxi",
    title = "{Inclusive jet production as a probe of polarized parton distribution functions at a future EIC}",
    eprint = "1806.07311",
    archivePrefix = "arXiv",
    primaryClass = "hep-ph",
    doi = "10.1103/PhysRevD.98.054031",
    journal = "Phys. Rev. D",
    volume = "98",
    number = "5",
    pages = "054031",
    year = "2018"
}

@article{Page:2019gbf,
    author = "Page, B.S. and Chu, Xiaoxuan and Aschenauer, E.C.",
    title = "{Experimental Aspects of Jet Physics at a Future EIC}",
    eprint = "1911.00657",
    archivePrefix = "arXiv",
    primaryClass = "hep-ph",
    doi = "10.1103/PhysRevD.101.072003",
    journal = "Phys. Rev. D",
    volume = "101",
    number = "7",
    pages = "072003",
    year = "2020"
}

@article{Hinderer:2017ntk,
    author = "Hinderer, Patriz and Schlegel, Marc and Vogelsang, Werner",
    title = "{Double-Longitudinal Spin Asymmetry in Single-Inclusive Lepton Scattering at NLO}",
    eprint = "1703.10872",
    archivePrefix = "arXiv",
    primaryClass = "hep-ph",
    doi = "10.1103/PhysRevD.96.014002",
    journal = "Phys. Rev. D",
    volume = "96",
    number = "1",
    pages = "014002",
    year = "2017"
}

@article{Zhang:2017uiz,
    author = "Zhang, Guang-Peng",
    title = "{Back-to-back heavy quark pair production in Semi-inclusive DIS}",
    eprint = "1709.08970",
    archivePrefix = "arXiv",
    primaryClass = "hep-ph",
    doi = "10.1007/JHEP11(2017)069",
    journal = "JHEP",
    volume = "11",
    pages = "069",
    year = "2017"
}

@misc{delCastillo:2020omr,
    author = "del Castillo, Rafael F. and Echevarria, Miguel G. and Makris, Yiannis and Scimemi, Ignazio",
    title = "{TMD factorization for di-jet and heavy meson pair in DIS}",
    eprint = "2008.07531",
    archivePrefix = "arXiv",
    primaryClass = "hep-ph",
    month = "8",
    year = "2020"
}

@misc{Kang:2020xgk,
    author = "Kang, Zhong-Bo and Reiten, Jared and Shao, Ding Yu and Terry, John",
    title = "{QCD evolution of the gluon Sivers function in heavy flavor dijet production at the Electron-Ion Collider}",
    eprint = "2012.01756",
    archivePrefix = "arXiv",
    primaryClass = "hep-ph",
    month = "12",
    year = "2020"
}

@article{Dumitru:2018kuw,
    author = "Dumitru, Adrian and Skokov, Vladimir and Ullrich, Thomas",
    title = {{Measuring the Weizs\"acker-Williams distribution of linearly polarized gluons at an electron-ion collider through dijet azimuthal asymmetries}},
    eprint = "1809.02615",
    archivePrefix = "arXiv",
    primaryClass = "hep-ph",
    doi = "10.1103/PhysRevC.99.015204",
    journal = "Phys. Rev. C",
    volume = "99",
    number = "1",
    pages = "015204",
    year = "2019"
}

@misc{DMtable:2020,
    title = "{EIC Detector Matrix Table}",
    howpublished = "{https://physdiv.jlab.org/DetectorMatrix/}",
    year = "{Accessed:2020-12}"
}

@article{Bacchetta:2004jz,
    author = "Bacchetta, Alessandro and D'Alesio, Umberto and Diehl, Markus and Miller, C.Andy",
    title = "{Single-spin asymmetries: The Trento conventions}",
    eprint = "hep-ph/0410050",
    archivePrefix = "arXiv",
    reportNumber = "DESY-04-193",
    doi = "10.1103/PhysRevD.70.117504",
    journal = "Phys. Rev. D",
    volume = "70",
    pages = "117504",
    year = "2004"
}

@misc{Hatta:2020bgy,
    author = "Hatta, Yoshitaka and Xiao, Bo-Wen and Yuan, Feng and Zhou, Jian",
    title = "{Anisotropy in Dijet Production in Exclusive and Inclusive Processes}",
    eprint = "2010.10774",
    archivePrefix = "arXiv",
    primaryClass = "hep-ph",
    month = "10",
    year = "2020"
}

@article{Catani:2017tuc,
    author = "Catani, Stefano and Grazzini, Massimiliano and Sargsyan, Hayk",
    title = "{Azimuthal asymmetries in QCD hard scattering: infrared safe but divergent}",
    eprint = "1703.08468",
    archivePrefix = "arXiv",
    primaryClass = "hep-ph",
    reportNumber = "ZU-TH-04-17",
    doi = "10.1007/JHEP06(2017)017",
    journal = "JHEP",
    volume = "06",
    pages = "017",
    year = "2017"
}

@article{Adam:2019hpq,
    author = "Adam, Jaroslav and others",
    collaboration = "STAR",
    title = "{First measurement of $\Lambda_c$ baryon production in Au+Au collisions at $\sqrt{s_{\rm NN}}$ = 200 GeV}",
    eprint = "1910.14628",
    archivePrefix = "arXiv",
    primaryClass = "nucl-ex",
    doi = "10.1103/PhysRevLett.124.172301",
    journal = "Phys. Rev. Lett.",
    volume = "124",
    number = "17",
    pages = "172301",
    year = "2020"
}

@article{Aaij:2013mga,
    author = "Aaij, R and others",
    collaboration = "LHCb",
    title = "{Prompt charm production in pp collisions at sqrt(s)=7 TeV}",
    eprint = "1302.2864",
    archivePrefix = "arXiv",
    primaryClass = "hep-ex",
    reportNumber = "LHCB-PAPER-2012-041, CERN-PH-EP-2013-009",
    doi = "10.1016/j.nuclphysb.2013.02.010",
    journal = "Nucl. Phys. B",
    volume = "871",
    pages = "1--20",
    year = "2013"
}

@article{Bierlich:2015rha,
    author = "Bierlich, Christian and Christiansen, Jesper Roy",
    title = "{Effects of color reconnection on hadron flavor observables}",
    eprint = "1507.02091",
    archivePrefix = "arXiv",
    primaryClass = "hep-ph",
    reportNumber = "LU-TP-15-26, MCNET-15-16",
    doi = "10.1103/PhysRevD.92.094010",
    journal = "Phys. Rev. D",
    volume = "92",
    number = "9",
    pages = "094010",
    year = "2015"
}

@article{Flensburg:2011kk,
    author = "Flensburg, Christoffer and Gustafson, Gosta and Lonnblad, Leif",
    title = "{Inclusive and Exclusive Observables from Dipoles in High Energy Collisions}",
    eprint = "1103.4321",
    archivePrefix = "arXiv",
    primaryClass = "hep-ph",
    reportNumber = "LU-TP-11-13, CERN-PH-TH-2011-058, MCNET-11-08",
    doi = "10.1007/JHEP08(2011)103",
    journal = "JHEP",
    volume = "08",
    pages = "103",
    year = "2011"
}

@article{Klein:1999qj,
    author = "Klein, Spencer and Nystrand, Joakim",
    title = "{Exclusive vector meson production in relativistic heavy ion collisions}",
    eprint = "hep-ph/9902259",
    archivePrefix = "arXiv",
    reportNumber = "LBNL-42768, LBL-42768",
    doi = "10.1103/PhysRevC.60.014903",
    journal = "Phys. Rev. C",
    volume = "60",
    pages = "014903",
    year = "1999"
}

@article{Lomnitz:2018juf,
    author = "Lomnitz, Michael and Klein, Spencer",
    title = "{Exclusive vector meson production at an electron-ion collider}",
    eprint = "1803.06420",
    archivePrefix = "arXiv",
    primaryClass = "nucl-ex",
    doi = "10.1103/PhysRevC.99.015203",
    journal = "Phys. Rev. C",
    volume = "99",
    number = "1",
    pages = "015203",
    year = "2019"
}

@article{Klein:2019avl,
    author = "Klein, Spencer R. and Xie, Ya-Ping",
    title = "{Photoproduction of charged final states in ultraperipheral collisions and electroproduction at an electron-ion collider}",
    eprint = "1903.02680",
    archivePrefix = "arXiv",
    primaryClass = "nucl-th",
    doi = "10.1103/PhysRevC.100.024620",
    journal = "Phys. Rev. C",
    volume = "100",
    number = "2",
    pages = "024620",
    year = "2019"
}

@article{Klein:2020sts,
    author = "Klein, Spencer R.",
    title = "{Using precision timing to improve particle tracking}",
    eprint = "2001.10624",
    archivePrefix = "arXiv",
    primaryClass = "physics.ins-det",
    doi = "10.1088/1748-0221/15/03/P03024",
    journal = "JINST",
    volume = "15",
    number = "03",
    pages = "P03024",
    year = "2020"
}


@article{Mager:2016yvj,
    author = "Mager, M.",
    editor = "Bisogni, Maria Giuseppina and Grassi, Marco and Incagli, Marco and Paoletti, Riccardo and Signorelli, Giovanni",
    collaboration = "ALICE",
    title = "{ALPIDE, the Monolithic Active Pixel Sensor for the ALICE ITS upgrade}",
    doi = "10.1016/j.nima.2015.09.057",
    journal = "Nucl. Instrum. Meth. A",
    volume = "824",
    pages = "434--438",
    year = "2016"
}

@misc{det_handbook,
    title = "{Electron-Ion Collider Detector Requirements and R\&D Handbook}",
    howpublished = "{\url{http://www.eicug.org/web/sites/default/files/EIC_HANDBOOK_v1.1.pdf}}"
}

misc{YR,
    title = "{https://physdiv.jlab.org/DetectorMatrix/}",
    year = "2021"
}

@article{Abelevetal:2014dna,
    author = "Abelev, B and others",
    collaboration = "ALICE",
    title = "{Technical Design Report for the Upgrade of the ALICE Inner Tracking System}",
    reportNumber = "CERN-LHCC-2013-024, ALICE-TDR-017",
    doi = "10.1088/0954-3899/41/8/087002",
    journal = "J. Phys. G",
    volume = "41",
    pages = "087002",
    year = "2014"
}

@article{Keil:2015vta,
    author = "Keil, M.",
    collaboration = "ALICE",
    title = "{Upgrade of the ALICE Inner Tracking System}",
    doi = "10.1088/1748-0221/10/03/C03012",
    journal = "JINST",
    volume = "10",
    number = "03",
    pages = "C03012",
    year = "2015"
}

@article{Reidt:2016ysg,
    author = "Reidt, Felix",
    editor = "Gemme, Claudia and Rossi, Leonardo",
    collaboration = "ALICE",
    title = "{The ALICE pixel detector upgrade}",
    doi = "10.1088/1748-0221/11/12/C12038",
    journal = "JINST",
    volume = "11",
    number = "12",
    pages = "C12038",
    year = "2016"
}

@article{Klein:2019qfb,
    author = {Klein, Spencer R. and M\"antysaari, Heikki},
    title = "{Imaging the nucleus with high-energy photons}",
    eprint = "1910.10858",
    archivePrefix = "arXiv",
    primaryClass = "hep-ex",
    doi = "10.1038/s42254-019-0107-6",
    journal = "Nature Rev. Phys.",
    volume = "1",
    number = "11",
    pages = "662--674",
    year = "2019"
}

@article{Klein:2018grn,
    author = "Klein, Spencer R.",
    collaboration = "STAR",
    title = "{Dipion photoproduction and the $Q^2$ evolution of the shape of the gold nucleus}",
    eprint = "1807.00455",
    archivePrefix = "arXiv",
    primaryClass = "nucl-ex",
    doi = "10.22323/1.316.0047",
    journal = "PoS",
    volume = "DIS2018",
    pages = "047",
    year = "2018"
}

@article{Adamczyk:2017vfu,
    author = "Adamczyk, L. and others",
    collaboration = "STAR",
    title = "{Coherent diffractive photoproduction of \ensuremath{\rho}0 mesons on gold nuclei at 200 GeV/nucleon-pair at the Relativistic Heavy Ion Collider}",
    eprint = "1702.07705",
    archivePrefix = "arXiv",
    primaryClass = "nucl-ex",
    doi = "10.1103/PhysRevC.96.054904",
    journal = "Phys. Rev. C",
    volume = "96",
    number = "5",
    pages = "054904",
    year = "2017"
}

@article{Toll:2012mb,
    author = "Toll, Tobias and Ullrich, Thomas",
    title = "{Exclusive diffractive processes in electron-ion collisions}",
    eprint = "1211.3048",
    archivePrefix = "arXiv",
    primaryClass = "hep-ph",
    doi = "10.1103/PhysRevC.87.024913",
    journal = "Phys. Rev. C",
    volume = "87",
    number = "2",
    pages = "024913",
    year = "2013"
}

@inproceedings{Ye:2018jth,
    author = "Ye, Zhihong and Arrington, John",
    title = "{Inclusive Studies of Short-Range Correlations: Overview and New Results}",
    booktitle = "{13th Conference on the Intersections of Particle and Nuclear Physics}",
    eprint = "1810.03667",
    archivePrefix = "arXiv",
    primaryClass = "nucl-ex",
    month = "10",
    year = "2018"
}

@article{eRD25,
    author = "Gonella, Laura and others",
    title = "{\href{https://wiki.bnl.gov/conferences/images/6/6d/ERD25-Report-FY21Proposal-Jun20.pdf}{eRD25 proposal}}",
    eprint = "",
    archivePrefix = "",
    primaryClass = "",
    doi = "",
    journal = "EIC Generic Detector R\&D Advisory Panel Meeting",
    volume = "",
    pages = "",
    year = "July 2020"
}

@article{eRD16,
    author = "Sichtermann for eRD16, Ernst",
    journal = "{https://wiki.bnl.gov/conferences/images/2/23/20190711-eRD16.v1.pdf}",
    title = "{eRD16: Forward/Backward Tracking at EIC using Maps Detectors}",
    note = "{EIC Generic Detector R\&D Advisory Committee}",
    year = "July 2019"
}

@article{leo,
    author = "Greiner, Leo",
    journal = "{https://indico.bnl.gov/event/8231/contributions/37955/}",
    title = "{2$^{nd}$  EIC Yellow Report Workshop at Pavia University}, {Silicon material projections}",
    volume = "",
    pages = "",
    year = "21 May 2020"
}

@article{leo2,
    author = "Greiner, Leo",
    journal = "{https://www.jlab.org/indico/event/400/contribution/18/material/slides/0.pdf}",
    title = "{Silicon pixel-based particle vertex and tracking detectors towards the US Electron Ion Collider Workshop}",
    volume = "",
    pages = "",
    year = "2 September 2020"
}

article{Accardi:2012qut,
    author = "Accardi, A. and others",
    editor = "Deshpande, A. and Meziani, Z.E. and Qiu, J.W.",
    title = "{Electron Ion Collider: The Next QCD Frontier}: {Understanding the glue that binds us all}",
    eprint = "1212.1701",
    archivePrefix = "arXiv",
    primaryClass = "nucl-ex",
    reportNumber = "BNL-98815-2012-JA, JLAB-PHY-12-1652",
    doi = "10.1140/epja/i2016-16268-9",
    journal = "Eur. Phys. J. A",
    volume = "52",
    number = "9",
    pages = "268",
    year = "2016"
}

@article{Mager:2016yvj,
    author = "Mager, M.",
    editor = "Bisogni, Maria Giuseppina and Grassi, Marco and Incagli, Marco and Paoletti, Riccardo and Signorelli, Giovanni",
    collaboration = "ALICE",
    title = "{ALPIDE, the Monolithic Active Pixel Sensor for the ALICE ITS upgrade}",
    doi = "10.1016/j.nima.2015.09.057",
    journal = "Nucl. Instrum. Meth. A",
    volume = "824",
    pages = "434--438",
    year = "2016"
}

@misc{det_handbook,
    title = "{Electron-Ion Collider Detector Requirements and R\&D Handbook}",
    howpublished = "{\url{http://www.eicug.org/web/sites/default/files/EIC_HANDBOOK_v1.1.pdf}}"
}

misc{YR,
    title = "{Yellow Report {\bf (UPDATE CITATION)}}"
}

article{Abelevetal:2014dna,
    author = "Abelev, B and others",
    collaboration = "ALICE",
    title = "{Technical Design Report for the Upgrade of the ALICE Inner Tracking System}",
    reportNumber = "CERN-LHCC-2013-024, ALICE-TDR-017",
    doi = "10.1088/0954-3899/41/8/087002",
    journal = "J. Phys. G",
    volume = "41",
    pages = "087002",
    year = "2014"
}

article{Keil:2015vta,
    author = "Keil, M.",
    collaboration = "ALICE",
    title = "{Upgrade of the ALICE Inner Tracking System}",
    doi = "10.1088/1748-0221/10/03/C03012",
    journal = "JINST",
    volume = "10",
    number = "03",
    pages = "C03012",
    year = "2015"
}

article{Reidt:2016ysg,
    author = "Reidt, Felix",
    editor = "Gemme, Claudia and Rossi, Leonardo",
    collaboration = "ALICE",
    title = "{The ALICE pixel detector upgrade}",
    doi = "10.1088/1748-0221/11/12/C12038",
    journal = "JINST",
    volume = "11",
    number = "12",
    pages = "C12038",
    year = "2016"
}

article{its3det,
    author = "ALICE Collaboration",
    title = "{\href{https://cds.cern.ch/record/2703140}{Letter of Intent for an ALICE ITS Upgrade in LS3}}",
    eprint = "",
    archivePrefix = "",
    primaryClass = "",
    doi = "",
    journal = "CERN-LHCC-2019-018. LHCC-I-034",
    volume = "",
    pages = "",
    year = "January 2020"
}


article{Pinkenburg:2011zza,
    author = "Pinkenburg, Christopher",
    editor = "Lin, Simon C.",
    collaboration = "PHENIX",
    title = "{Analyzing ever growing datasets in PHENIX}",
    doi = "10.1088/1742-6596/331/7/072027",
    journal = "J. Phys. Conf. Ser.",
    volume = "331",
    pages = "072027",
    year = "2011"
}

inproceedings{Pinkenburg:2005zza,
    author = "Pinkenburg, C.",
    title = "{Online Monitoring and online calibration/reconstruction for the PHENIX experiment}",
    booktitle = "{14th International Conference on Computing in High-Energy and Nuclear Physics}",
    pages = "127--129",
    year = "2005"
}

misc{Babar,
  title = "{sPHENIX Technical Design Report}",
  howpublished = "{\url{https://indico.bnl.gov/event/5905/contributions/32455/attachments/25084/37388/sphenix_tdr_20191015.pdf}}"
}

misc{Beast1,
  title = "{BeAST Magnetic Field}",
  howpublished = "{\url{https://eic.github.io/software/beast_magnetic_field.html}}"
}

misc{Beast2,
  title = "{A dedicated eRHIC Detector Design }",
  howpublished = "{\url{https://indico.desy.de/indico/event/12482/session/7/contribution/259/material/slides/0.pptx}}"
}





%%%%%%%%%%%%%%%%%%%%%%%%%%%%%%%%%%%%%%%%%%%

@article{Klasen:2017kwb,
    author = "Klasen, M. and Kovarik, K. and Potthoff, J.",
    title = "{Nuclear parton density functions from jet production in DIS at an EIC}",
    eprint = "1703.02864",
    archivePrefix = "arXiv",
    primaryClass = "hep-ph",
    reportNumber = "MS-TP-16-29",
    doi = "10.1103/PhysRevD.95.094013",
    journal = "Phys. Rev. D",
    volume = "95",
    number = "9",
    pages = "094013",
    year = "2017"
}

@article{Klasen:2018gtb,
    author = "Klasen, M. and Kova\v{r}\'\i{}k, K.",
    title = "{Nuclear parton density functions from dijet photoproduction at the EIC}",
    eprint = "1803.10985",
    archivePrefix = "arXiv",
    primaryClass = "hep-ph",
    reportNumber = "MS-TP-18-06",
    doi = "10.1103/PhysRevD.97.114013",
    journal = "Phys. Rev. D",
    volume = "97",
    number = "11",
    pages = "114013",
    year = "2018"
}

@article{Chu:2017mnm,
    author = "Chu, Xiaoxuan and Aschenauer, Elke-Caroline and Lee, Jeong-Hun and Zheng, Liang",
    title = "{Photon structure studied at an Electron Ion Collider}",
    eprint = "1705.08831",
    archivePrefix = "arXiv",
    primaryClass = "nucl-ex",
    doi = "10.1103/PhysRevD.96.074035",
    journal = "Phys. Rev. D",
    volume = "96",
    number = "7",
    pages = "074035",
    year = "2017"
}

article{Hinderer:2017ntk,
    author = "Hinderer, Patriz and Schlegel, Marc and Vogelsang, Werner",
    title = "{Double-Longitudinal Spin Asymmetry in Single-Inclusive Lepton Scattering at NLO}",
    eprint = "1703.10872",
    archivePrefix = "arXiv",
    primaryClass = "hep-ph",
    doi = "10.1103/PhysRevD.96.014002",
    journal = "Phys. Rev. D",
    volume = "96",
    number = "1",
    pages = "014002",
    year = "2017"
}

@article{Hinderer:2015hra,
    author = "Hinderer, Patriz and Schlegel, Marc and Vogelsang, Werner",
    title = "{Single-Inclusive Production of Hadrons and Jets in Lepton-Nucleon Scattering at NLO}",
    eprint = "1505.06415",
    archivePrefix = "arXiv",
    primaryClass = "hep-ph",
    doi = "10.1103/PhysRevD.92.014001",
    journal = "Phys. Rev. D",
    volume = "92",
    number = "1",
    pages = "014001",
    year = "2015",
    note = "[Erratum: Phys.Rev.D 93, 119903 (2016)]"
}

article{Dumitru:2018kuw,
    author = "Dumitru, Adrian and Skokov, Vladimir and Ullrich, Thomas",
    title = {{Measuring the Weizs\"acker-Williams distribution of linearly polarized gluons at an electron-ion collider through dijet azimuthal asymmetries}},
    eprint = "1809.02615",
    archivePrefix = "arXiv",
    primaryClass = "hep-ph",
    doi = "10.1103/PhysRevC.99.015204",
    journal = "Phys. Rev. C",
    volume = "99",
    number = "1",
    pages = "015204",
    year = "2019"
}

@article{Arratia:2019vju,
    author = "Arratia, Miguel and Song, Youqi and Ringer, Felix and Jacak, Barbara V.",
    title = "{Jets as precision probes in electron-nucleus collisions at the future Electron-Ion Collider}",
    eprint = "1912.05931",
    archivePrefix = "arXiv",
    primaryClass = "nucl-ex",
    doi = "10.1103/PhysRevC.101.065204",
    journal = "Phys. Rev. C",
    volume = "101",
    number = "6",
    pages = "065204",
    year = "2020"
}

@article{Aschenauer:2019uex,
    author = "Aschenauer, Elke-Caroline and Lee, Kyle and Page, B.S. and Ringer, Felix",
    title = "{Jet angularities in photoproduction at the Electron-Ion Collider}",
    eprint = "1910.11460",
    archivePrefix = "arXiv",
    primaryClass = "hep-ph",
    doi = "10.1103/PhysRevD.101.054028",
    journal = "Phys. Rev. D",
    volume = "101",
    number = "5",
    pages = "054028",
    year = "2020"
}

@article{Arratia:2020nxw,
    author = "Arratia, Miguel and Kang, Zhong-Bo and Prokudin, Alexei and Ringer, Felix",
    title = "{Jet-based measurements of Sivers and Collins asymmetries at the future electron-ion collider}",
    eprint = "2007.07281",
    archivePrefix = "arXiv",
    primaryClass = "hep-ph",
    reportNumber = "JLAB-PHY-20-3223",
    doi = "10.1103/PhysRevD.102.074015",
    journal = "Phys. Rev. D",
    volume = "102",
    number = "7",
    pages = "074015",
    year = "2020"
}

@unpublished{Arratia:2020azl,
    author = "Arratia, Miguel and Furletova, Yulia and Hobbs, T.~J. and Olness, Fredrick and Sekula, Stephen~J.",
    title = "{Charm jets as a probe for strangeness at the future Electron-Ion Collider}",
    eprint = "2006.12520",
    archivePrefix = "arXiv",
    primaryClass = "hep-ph",
    year = "2020"
}

@article{PhysRevLett.122.192003,
  title = {Lepton-Jet Correlations in Deep Inelastic Scattering at the Electron-Ion Collider},
  author = {Liu, Xiaohui and Ringer, Felix and Vogelsang, Werner and Yuan, Feng},
  journal = {Phys. Rev. Lett.},
  volume = {122},
  issue = {19},
  pages = {192003},
  numpages = {6},
  year = {2019},
  month = {May},
  publisher = {American Physical Society},
  doi = {10.1103/PhysRevLett.122.192003},
  url = {https://link.aps.org/doi/10.1103/PhysRevLett.122.192003}
}

@article{PhysRevD.91.112012,
  title = {Charged jet cross sections and properties in proton-proton collisions at $\sqrt{s}=7\text{ }\text{ }\mathrm{TeV}$},
  author = {Abelev, B. and all},
  collaboration = {ALICE Collaboration},
  journal = {Phys. Rev. D},
  volume = {91},
  issue = {11},
  pages = {112012},
  numpages = {33},
  year = {2015},
  month = {Jun},
  publisher = {American Physical Society},
  doi = {10.1103/PhysRevD.91.112012},
  url = {https://link.aps.org/doi/10.1103/PhysRevD.91.112012}
}

@article{PhysRevD.88.034030,
  title = {Calculating track thrust with track functions},
  author = {Chang, Hsi-Ming and Procura, Massimiliano and Thaler, Jesse and Waalewijn, Wouter J.},
  journal = {Phys. Rev. D},
  volume = {88},
  issue = {3},
  pages = {034030},
  numpages = {16},
  year = {2013},
  month = {Aug},
  publisher = {American Physical Society},
  doi = {10.1103/PhysRevD.88.034030},
  url = {https://link.aps.org/doi/10.1103/PhysRevD.88.034030}
}

@unpublished{Wong:2020xtc,
    author = "Wong, Cheuk-Ping and Li, Xuan and Brooks, Melynda and Durham, Matthew J. and Liu, Ming Xiong and Morreale, Astrid and da Silva, Cesar and Sondheim, Walter E.",
    title = "{A Proposed Forward Silicon Tracker for the Future Electron-Ion Collider and Associated Physics Studies}",
    eprint = "2009.02888",
    archivePrefix = "arXiv",
    primaryClass = "nucl-ex",
    reportNumber = "LANL Report: LA-UR-20-26642",
    year = "2020"
}

article{Wong:2020xtc,
    author = "Wong, Cheuk-Ping and Li, Xuan and Brooks, Melynda and Durham, Matthew J. and Liu, Ming Xiong and Morreale, Astrid and da Silva, Cesar and Sondheim, Walter E.",
    title = "{A Proposed Forward Silicon Tracker for the Future Electron-Ion Collider and Associated Physics Studies}",
    eprint = "2009.02888",
    archivePrefix = "arXiv",
    primaryClass = "nucl-ex",
    reportNumber = "LANL Report: LA-UR-20-26642",
    month = "9",
    year = "2020",
    note = "JRA: This version is not being used (and causes errors); the previous version is being used"
}

@PREAMBLE{
 "\providecommand{\noopsort}[1]{}" 
 # "\providecommand{\singleletter}[1]{#1}%" 
}






